%YAML 1.1
%TAG !u! tag:unity3d.com,2011:
--- !u!29 &1
OcclusionCullingSettings:
  m_ObjectHideFlags: 0
  serializedVersion: 2
  m_OcclusionBakeSettings:
    smallestOccluder: 5
    smallestHole: 0.25
    backfaceThreshold: 100
  m_SceneGUID: 00000000000000000000000000000000
  m_OcclusionCullingData: {fileID: 0}
--- !u!104 &2
RenderSettings:
  m_ObjectHideFlags: 0
  serializedVersion: 7
  m_Fog: 0
  m_FogColor: {r: 0.5, g: 0.5, b: 0.5, a: 1}
  m_FogMode: 3
  m_FogDensity: 0.01
  m_LinearFogStart: 0
  m_LinearFogEnd: 300
  m_AmbientSkyColor: {r: 0.212, g: 0.227, b: 0.259, a: 1}
  m_AmbientEquatorColor: {r: 0.114, g: 0.125, b: 0.133, a: 1}
  m_AmbientGroundColor: {r: 0.047, g: 0.043, b: 0.035, a: 1}
  m_AmbientIntensity: 1
  m_AmbientMode: 0
  m_SkyboxMaterial: {fileID: 10304, guid: 0000000000000000f000000000000000, type: 0}
  m_HaloStrength: 0.5
  m_FlareStrength: 1
  m_FlareFadeSpeed: 3
  m_HaloTexture: {fileID: 0}
  m_SpotCookie: {fileID: 10001, guid: 0000000000000000e000000000000000, type: 0}
  m_DefaultReflectionMode: 0
  m_DefaultReflectionResolution: 128
  m_ReflectionBounces: 1
  m_ReflectionIntensity: 1
  m_CustomReflection: {fileID: 0}
  m_Sun: {fileID: 0}
  m_IndirectSpecularColor: {r: 0, g: 0, b: 0, a: 1}
--- !u!157 &3
LightmapSettings:
  m_ObjectHideFlags: 0
  serializedVersion: 7
  m_GIWorkflowMode: 1
  m_GISettings:
    serializedVersion: 2
    m_BounceScale: 1
    m_IndirectOutputScale: 1
    m_AlbedoBoost: 1
    m_TemporalCoherenceThreshold: 1
    m_EnvironmentLightingMode: 0
    m_EnableBakedLightmaps: 1
    m_EnableRealtimeLightmaps: 1
  m_LightmapEditorSettings:
    serializedVersion: 4
    m_Resolution: 2
    m_BakeResolution: 40
    m_TextureWidth: 1024
    m_TextureHeight: 1024
    m_AO: 0
    m_AOMaxDistance: 1
    m_CompAOExponent: 1
    m_CompAOExponentDirect: 0
    m_Padding: 2
    m_LightmapParameters: {fileID: 0}
    m_LightmapsBakeMode: 1
    m_TextureCompression: 1
    m_DirectLightInLightProbes: 1
    m_FinalGather: 0
    m_FinalGatherFiltering: 1
    m_FinalGatherRayCount: 256
    m_ReflectionCompression: 2
  m_LightingDataAsset: {fileID: 0}
  m_RuntimeCPUUsage: 25
--- !u!196 &4
NavMeshSettings:
  serializedVersion: 2
  m_ObjectHideFlags: 0
  m_BuildSettings:
    serializedVersion: 2
    agentTypeID: 0
    agentRadius: 0.5
    agentHeight: 2
    agentSlope: 45
    agentClimb: 0.4
    ledgeDropHeight: 0
    maxJumpAcrossDistance: 0
    minRegionArea: 2
    manualCellSize: 0
    cellSize: 0.16666667
    accuratePlacement: 0
  m_NavMeshData: {fileID: 0}
--- !u!1 &28948911
GameObject:
  m_ObjectHideFlags: 0
  m_PrefabParentObject: {fileID: 0}
  m_PrefabInternal: {fileID: 0}
  serializedVersion: 5
  m_Component:
  - component: {fileID: 28948912}
  - component: {fileID: 28948913}
  m_Layer: 0
  m_Name: Directional Light (5)
  m_TagString: Untagged
  m_Icon: {fileID: 0}
  m_NavMeshLayer: 0
  m_StaticEditorFlags: 0
  m_IsActive: 1
--- !u!4 &28948912
Transform:
  m_ObjectHideFlags: 0
  m_PrefabParentObject: {fileID: 0}
  m_PrefabInternal: {fileID: 0}
  m_GameObject: {fileID: 28948911}
  m_LocalRotation: {x: 0.7071068, y: 0, z: 0, w: 0.7071068}
  m_LocalPosition: {x: 103.9494, y: 243.9, z: 942.2}
  m_LocalScale: {x: 1, y: 1.0000005, z: 1.0000005}
  m_Children:
  - {fileID: 2078016073}
  m_Father: {fileID: 598330717}
  m_RootOrder: 11
  m_LocalEulerAnglesHint: {x: 90, y: 0, z: 0}
--- !u!108 &28948913
Light:
  m_ObjectHideFlags: 0
  m_PrefabParentObject: {fileID: 0}
  m_PrefabInternal: {fileID: 0}
  m_GameObject: {fileID: 28948911}
  m_Enabled: 1
  serializedVersion: 7
  m_Type: 1
  m_Color: {r: 1, g: 0.95686275, b: 0.8392157, a: 1}
  m_Intensity: 1.14
  m_Range: 10
  m_SpotAngle: 30
  m_CookieSize: 10
  m_Shadows:
    m_Type: 2
    m_Resolution: -1
    m_CustomResolution: -1
    m_Strength: 1
    m_Bias: 0.05
    m_NormalBias: 0.4
    m_NearPlane: 0.2
  m_Cookie: {fileID: 0}
  m_DrawHalo: 0
  m_Flare: {fileID: 0}
  m_RenderMode: 0
  m_CullingMask:
    serializedVersion: 2
    m_Bits: 4294967295
  m_Lightmapping: 4
  m_AreaSize: {x: 1, y: 1}
  m_BounceIntensity: 1
  m_ShadowRadius: 0
  m_ShadowAngle: 0
--- !u!1 &125774805
GameObject:
  m_ObjectHideFlags: 0
  m_PrefabParentObject: {fileID: 0}
  m_PrefabInternal: {fileID: 0}
  serializedVersion: 5
  m_Component:
  - component: {fileID: 125774806}
  m_Layer: 0
  m_Name: Wall (3)
  m_TagString: Untagged
  m_Icon: {fileID: 0}
  m_NavMeshLayer: 0
  m_StaticEditorFlags: 0
  m_IsActive: 1
--- !u!4 &125774806
Transform:
  m_ObjectHideFlags: 0
  m_PrefabParentObject: {fileID: 0}
  m_PrefabInternal: {fileID: 0}
  m_GameObject: {fileID: 125774805}
  m_LocalRotation: {x: 0, y: -0.7071068, z: 0, w: 0.7071068}
  m_LocalPosition: {x: -282, y: 149.73026, z: 1023}
  m_LocalScale: {x: 30, y: 30, z: 1.5}
  m_Children:
  - {fileID: 1323109870}
  - {fileID: 1931886062}
  m_Father: {fileID: 598330717}
  m_RootOrder: 4
  m_LocalEulerAnglesHint: {x: 0, y: -90, z: 0}
--- !u!1 &240027178
GameObject:
  m_ObjectHideFlags: 0
  m_PrefabParentObject: {fileID: 0}
  m_PrefabInternal: {fileID: 0}
  serializedVersion: 5
  m_Component:
  - component: {fileID: 240027179}
  m_Layer: 0
  m_Name: Wall (2)
  m_TagString: Untagged
  m_Icon: {fileID: 0}
  m_NavMeshLayer: 0
  m_StaticEditorFlags: 0
  m_IsActive: 1
--- !u!4 &240027179
Transform:
  m_ObjectHideFlags: 0
  m_PrefabParentObject: {fileID: 0}
  m_PrefabInternal: {fileID: 0}
  m_GameObject: {fileID: 240027178}
  m_LocalRotation: {x: 0, y: 0.7071068, z: 0, w: 0.7071068}
  m_LocalPosition: {x: 193.4, y: 149.73026, z: 732.4}
  m_LocalScale: {x: 30, y: 30, z: 1.5}
  m_Children:
  - {fileID: 685393082}
  - {fileID: 1783743820}
  m_Father: {fileID: 598330717}
  m_RootOrder: 3
  m_LocalEulerAnglesHint: {x: 0, y: 90, z: 0}
--- !u!1 &256203115
GameObject:
  m_ObjectHideFlags: 0
  m_PrefabParentObject: {fileID: 0}
  m_PrefabInternal: {fileID: 0}
  serializedVersion: 5
  m_Component:
  - component: {fileID: 256203116}
  - component: {fileID: 256203117}
  m_Layer: 0
  m_Name: Point light
  m_TagString: Untagged
  m_Icon: {fileID: 0}
  m_NavMeshLayer: 0
  m_StaticEditorFlags: 0
  m_IsActive: 1
--- !u!4 &256203116
Transform:
  m_ObjectHideFlags: 0
  m_PrefabParentObject: {fileID: 0}
  m_PrefabInternal: {fileID: 0}
  m_GameObject: {fileID: 256203115}
  m_LocalRotation: {x: 0, y: 0, z: 0, w: 1}
  m_LocalPosition: {x: 0, y: 0, z: 0}
  m_LocalScale: {x: 1, y: 1, z: 1}
  m_Children: []
  m_Father: {fileID: 1384063401}
  m_RootOrder: 0
  m_LocalEulerAnglesHint: {x: 0, y: 0, z: 0}
--- !u!108 &256203117
Light:
  m_ObjectHideFlags: 0
  m_PrefabParentObject: {fileID: 0}
  m_PrefabInternal: {fileID: 0}
  m_GameObject: {fileID: 256203115}
  m_Enabled: 1
  serializedVersion: 7
  m_Type: 2
  m_Color: {r: 1, g: 1, b: 1, a: 1}
  m_Intensity: 1
  m_Range: 10
  m_SpotAngle: 30
  m_CookieSize: 10
  m_Shadows:
    m_Type: 0
    m_Resolution: -1
    m_CustomResolution: -1
    m_Strength: 1
    m_Bias: 0.05
    m_NormalBias: 0.4
    m_NearPlane: 0.2
  m_Cookie: {fileID: 0}
  m_DrawHalo: 0
  m_Flare: {fileID: 0}
  m_RenderMode: 0
  m_CullingMask:
    serializedVersion: 2
    m_Bits: 4294967295
  m_Lightmapping: 4
  m_AreaSize: {x: 1, y: 1}
  m_BounceIntensity: 1
  m_ShadowRadius: 0
  m_ShadowAngle: 0
--- !u!1 &256673500
GameObject:
  m_ObjectHideFlags: 0
  m_PrefabParentObject: {fileID: 0}
  m_PrefabInternal: {fileID: 0}
  serializedVersion: 5
  m_Component:
  - component: {fileID: 256673501}
  m_Layer: 0
  m_Name: Wall
  m_TagString: Untagged
  m_Icon: {fileID: 0}
  m_NavMeshLayer: 0
  m_StaticEditorFlags: 0
  m_IsActive: 1
--- !u!4 &256673501
Transform:
  m_ObjectHideFlags: 0
  m_PrefabParentObject: {fileID: 0}
  m_PrefabInternal: {fileID: 0}
  m_GameObject: {fileID: 256673500}
  m_LocalRotation: {x: -0, y: -1, z: -0, w: 0}
  m_LocalPosition: {x: -201.5506, y: 149.73026, z: 699.2848}
  m_LocalScale: {x: 30, y: 30, z: 1.5}
  m_Children:
  - {fileID: 1833679698}
  - {fileID: 344852713}
  m_Father: {fileID: 598330717}
  m_RootOrder: 1
  m_LocalEulerAnglesHint: {x: 0, y: 0, z: 0}
--- !u!1001 &317807368
Prefab:
  m_ObjectHideFlags: 0
  serializedVersion: 2
  m_Modification:
    m_TransformParent: {fileID: 761257241}
    m_Modifications:
    - target: {fileID: 400000, guid: 562d876b8947af74e8b12e0a2bad5bb4, type: 2}
      propertyPath: m_LocalPosition.x
      value: 6
      objectReference: {fileID: 0}
    - target: {fileID: 400000, guid: 562d876b8947af74e8b12e0a2bad5bb4, type: 2}
      propertyPath: m_LocalPosition.y
      value: 0
      objectReference: {fileID: 0}
    - target: {fileID: 400000, guid: 562d876b8947af74e8b12e0a2bad5bb4, type: 2}
      propertyPath: m_LocalPosition.z
      value: 5.125
      objectReference: {fileID: 0}
    - target: {fileID: 400000, guid: 562d876b8947af74e8b12e0a2bad5bb4, type: 2}
      propertyPath: m_LocalRotation.x
      value: -0
      objectReference: {fileID: 0}
    - target: {fileID: 400000, guid: 562d876b8947af74e8b12e0a2bad5bb4, type: 2}
      propertyPath: m_LocalRotation.y
      value: -0
      objectReference: {fileID: 0}
    - target: {fileID: 400000, guid: 562d876b8947af74e8b12e0a2bad5bb4, type: 2}
      propertyPath: m_LocalRotation.z
      value: -0
      objectReference: {fileID: 0}
    - target: {fileID: 400000, guid: 562d876b8947af74e8b12e0a2bad5bb4, type: 2}
      propertyPath: m_LocalRotation.w
      value: 1
      objectReference: {fileID: 0}
    - target: {fileID: 100000, guid: 562d876b8947af74e8b12e0a2bad5bb4, type: 2}
      propertyPath: m_StaticEditorFlags
      value: 4294967295
      objectReference: {fileID: 0}
    - target: {fileID: 2300000, guid: 562d876b8947af74e8b12e0a2bad5bb4, type: 2}
      propertyPath: m_LightmapIndex
      value: 4
      objectReference: {fileID: 0}
    - target: {fileID: 2300000, guid: 562d876b8947af74e8b12e0a2bad5bb4, type: 2}
      propertyPath: m_LightmapTilingOffset.x
      value: .786132991
      objectReference: {fileID: 0}
    - target: {fileID: 2300000, guid: 562d876b8947af74e8b12e0a2bad5bb4, type: 2}
      propertyPath: m_LightmapTilingOffset.y
      value: .786132991
      objectReference: {fileID: 0}
    - target: {fileID: 2300000, guid: 562d876b8947af74e8b12e0a2bad5bb4, type: 2}
      propertyPath: m_LightmapTilingOffset.z
      value: -.00381260994
      objectReference: {fileID: 0}
    - target: {fileID: 2300000, guid: 562d876b8947af74e8b12e0a2bad5bb4, type: 2}
      propertyPath: m_LightmapTilingOffset.w
      value: .217607006
      objectReference: {fileID: 0}
    - target: {fileID: 400000, guid: 562d876b8947af74e8b12e0a2bad5bb4, type: 2}
      propertyPath: m_RootOrder
      value: 3
      objectReference: {fileID: 0}
    - target: {fileID: 100000, guid: 562d876b8947af74e8b12e0a2bad5bb4, type: 2}
      propertyPath: m_Name
      value: Floor big 01 (3)
      objectReference: {fileID: 0}
    - target: {fileID: 400000, guid: 562d876b8947af74e8b12e0a2bad5bb4, type: 2}
      propertyPath: m_LocalScale.x
      value: 1
      objectReference: {fileID: 0}
    - target: {fileID: 400000, guid: 562d876b8947af74e8b12e0a2bad5bb4, type: 2}
      propertyPath: m_LocalScale.y
      value: 1
      objectReference: {fileID: 0}
    - target: {fileID: 400000, guid: 562d876b8947af74e8b12e0a2bad5bb4, type: 2}
      propertyPath: m_LocalScale.z
      value: 1
      objectReference: {fileID: 0}
    - target: {fileID: 2300000, guid: 562d876b8947af74e8b12e0a2bad5bb4, type: 2}
      propertyPath: m_ReceiveShadows
      value: 1
      objectReference: {fileID: 0}
    - target: {fileID: 2300000, guid: 562d876b8947af74e8b12e0a2bad5bb4, type: 2}
      propertyPath: m_CastShadows
      value: 1
      objectReference: {fileID: 0}
    - target: {fileID: 2300000, guid: 562d876b8947af74e8b12e0a2bad5bb4, type: 2}
      propertyPath: m_LightProbeUsage
      value: 0
      objectReference: {fileID: 0}
    m_RemovedComponents: []
  m_ParentPrefab: {fileID: 100100000, guid: 562d876b8947af74e8b12e0a2bad5bb4, type: 2}
  m_IsPrefabParent: 0
--- !u!4 &317807369 stripped
Transform:
  m_PrefabParentObject: {fileID: 400000, guid: 562d876b8947af74e8b12e0a2bad5bb4, type: 2}
  m_PrefabInternal: {fileID: 317807368}
--- !u!1 &338169915
GameObject:
  m_ObjectHideFlags: 0
  m_PrefabParentObject: {fileID: 0}
  m_PrefabInternal: {fileID: 0}
  serializedVersion: 5
  m_Component:
  - component: {fileID: 338169917}
  - component: {fileID: 338169916}
  m_Layer: 0
  m_Name: Directional Light
  m_TagString: Untagged
  m_Icon: {fileID: 0}
  m_NavMeshLayer: 0
  m_StaticEditorFlags: 0
  m_IsActive: 0
--- !u!108 &338169916
Light:
  m_ObjectHideFlags: 0
  m_PrefabParentObject: {fileID: 0}
  m_PrefabInternal: {fileID: 0}
  m_GameObject: {fileID: 338169915}
  m_Enabled: 1
  serializedVersion: 7
  m_Type: 1
  m_Color: {r: 1, g: 0.95686275, b: 0.8392157, a: 1}
  m_Intensity: 1.14
  m_Range: 10
  m_SpotAngle: 30
  m_CookieSize: 10
  m_Shadows:
    m_Type: 2
    m_Resolution: -1
    m_CustomResolution: -1
    m_Strength: 1
    m_Bias: 0.05
    m_NormalBias: 0.4
    m_NearPlane: 0.2
  m_Cookie: {fileID: 0}
  m_DrawHalo: 0
  m_Flare: {fileID: 0}
  m_RenderMode: 0
  m_CullingMask:
    serializedVersion: 2
    m_Bits: 4294967295
  m_Lightmapping: 4
  m_AreaSize: {x: 1, y: 1}
  m_BounceIntensity: 1
  m_ShadowRadius: 0
  m_ShadowAngle: 0
--- !u!4 &338169917
Transform:
  m_ObjectHideFlags: 0
  m_PrefabParentObject: {fileID: 0}
  m_PrefabInternal: {fileID: 0}
  m_GameObject: {fileID: 338169915}
  m_LocalRotation: {x: 0, y: 0, z: 0, w: 1}
  m_LocalPosition: {x: 126.2, y: 265, z: 1043.5}
  m_LocalScale: {x: 1, y: 1, z: 1}
  m_Children:
  - {fileID: 1960795221}
  m_Father: {fileID: 598330717}
  m_RootOrder: 6
  m_LocalEulerAnglesHint: {x: 0, y: 0, z: 0}
--- !u!1 &344852712
GameObject:
  m_ObjectHideFlags: 0
  m_PrefabParentObject: {fileID: 100006, guid: 8bbba6e4e837d0b439b73b889150fac2, type: 3}
  m_PrefabInternal: {fileID: 0}
  serializedVersion: 5
  m_Component:
  - component: {fileID: 344852713}
  - component: {fileID: 344852716}
  - component: {fileID: 344852715}
  - component: {fileID: 344852714}
  m_Layer: 0
  m_Name: Wall 01 big (1)
  m_TagString: Untagged
  m_Icon: {fileID: 0}
  m_NavMeshLayer: 0
  m_StaticEditorFlags: 4294967295
  m_IsActive: 1
--- !u!4 &344852713
Transform:
  m_ObjectHideFlags: 0
  m_PrefabParentObject: {fileID: 400006, guid: 8bbba6e4e837d0b439b73b889150fac2, type: 3}
  m_PrefabInternal: {fileID: 0}
  m_GameObject: {fileID: 344852712}
  m_LocalRotation: {x: -0, y: -0, z: -0, w: 1}
  m_LocalPosition: {x: 0, y: 0, z: 0}
  m_LocalScale: {x: 1, y: 1, z: 1}
  m_Children: []
  m_Father: {fileID: 256673501}
  m_RootOrder: 1
  m_LocalEulerAnglesHint: {x: 0, y: -90, z: 0}
--- !u!64 &344852714
MeshCollider:
  m_ObjectHideFlags: 0
  m_PrefabParentObject: {fileID: 6400000, guid: 8bbba6e4e837d0b439b73b889150fac2,
    type: 3}
  m_PrefabInternal: {fileID: 0}
  m_GameObject: {fileID: 344852712}
  m_Material: {fileID: 0}
  m_IsTrigger: 0
  m_Enabled: 1
  serializedVersion: 2
  m_Convex: 0
  m_InflateMesh: 0
  m_SkinWidth: 0.01
  m_Mesh: {fileID: 4300002, guid: 8bbba6e4e837d0b439b73b889150fac2, type: 3}
--- !u!23 &344852715
MeshRenderer:
  m_ObjectHideFlags: 0
  m_PrefabParentObject: {fileID: 2300000, guid: 8bbba6e4e837d0b439b73b889150fac2,
    type: 3}
  m_PrefabInternal: {fileID: 0}
  m_GameObject: {fileID: 344852712}
  m_Enabled: 1
  m_CastShadows: 1
  m_ReceiveShadows: 1
  m_MotionVectors: 1
  m_LightProbeUsage: 1
  m_ReflectionProbeUsage: 1
  m_Materials:
  - {fileID: 2100000, guid: c599c369f92ccd647a33e4f991ed12ea, type: 2}
  - {fileID: 2100000, guid: 206902ae9a134dd449b0f4eae159dc17, type: 2}
  - {fileID: 2100000, guid: c599c369f92ccd647a33e4f991ed12ea, type: 2}
  m_StaticBatchInfo:
    firstSubMesh: 0
    subMeshCount: 0
  m_StaticBatchRoot: {fileID: 0}
  m_ProbeAnchor: {fileID: 0}
  m_LightProbeVolumeOverride: {fileID: 0}
  m_ScaleInLightmap: 1
  m_PreserveUVs: 0
  m_IgnoreNormalsForChartDetection: 0
  m_ImportantGI: 0
  m_SelectedEditorRenderState: 3
  m_MinimumChartSize: 4
  m_AutoUVMaxDistance: 0.5
  m_AutoUVMaxAngle: 89
  m_LightmapParameters: {fileID: 0}
  m_SortingLayerID: 0
  m_SortingOrder: 0
--- !u!33 &344852716
MeshFilter:
  m_ObjectHideFlags: 0
  m_PrefabParentObject: {fileID: 3300000, guid: 8bbba6e4e837d0b439b73b889150fac2,
    type: 3}
  m_PrefabInternal: {fileID: 0}
  m_GameObject: {fileID: 344852712}
  m_Mesh: {fileID: 4300002, guid: 8bbba6e4e837d0b439b73b889150fac2, type: 3}
--- !u!1 &344907121
GameObject:
  m_ObjectHideFlags: 0
  m_PrefabParentObject: {fileID: 100006, guid: 8bbba6e4e837d0b439b73b889150fac2, type: 3}
  m_PrefabInternal: {fileID: 0}
  serializedVersion: 5
  m_Component:
  - component: {fileID: 344907122}
  - component: {fileID: 344907125}
  - component: {fileID: 344907124}
  - component: {fileID: 344907123}
  m_Layer: 0
  m_Name: Wall 01 big
  m_TagString: Untagged
  m_Icon: {fileID: 0}
  m_NavMeshLayer: 0
  m_StaticEditorFlags: 4294967295
  m_IsActive: 1
--- !u!4 &344907122
Transform:
  m_ObjectHideFlags: 0
  m_PrefabParentObject: {fileID: 400006, guid: 8bbba6e4e837d0b439b73b889150fac2, type: 3}
  m_PrefabInternal: {fileID: 0}
  m_GameObject: {fileID: 344907121}
  m_LocalRotation: {x: -0, y: -0, z: -0, w: 1}
  m_LocalPosition: {x: -8.956668, y: 0, z: 0}
  m_LocalScale: {x: 1, y: 1, z: 1}
  m_Children: []
  m_Father: {fileID: 1846258902}
  m_RootOrder: 0
  m_LocalEulerAnglesHint: {x: 0, y: -90, z: 0}
--- !u!64 &344907123
MeshCollider:
  m_ObjectHideFlags: 0
  m_PrefabParentObject: {fileID: 6400000, guid: 8bbba6e4e837d0b439b73b889150fac2,
    type: 3}
  m_PrefabInternal: {fileID: 0}
  m_GameObject: {fileID: 344907121}
  m_Material: {fileID: 0}
  m_IsTrigger: 0
  m_Enabled: 1
  serializedVersion: 2
  m_Convex: 0
  m_InflateMesh: 0
  m_SkinWidth: 0.01
  m_Mesh: {fileID: 4300002, guid: 8bbba6e4e837d0b439b73b889150fac2, type: 3}
--- !u!23 &344907124
MeshRenderer:
  m_ObjectHideFlags: 0
  m_PrefabParentObject: {fileID: 2300000, guid: 8bbba6e4e837d0b439b73b889150fac2,
    type: 3}
  m_PrefabInternal: {fileID: 0}
  m_GameObject: {fileID: 344907121}
  m_Enabled: 1
  m_CastShadows: 1
  m_ReceiveShadows: 1
  m_MotionVectors: 1
  m_LightProbeUsage: 1
  m_ReflectionProbeUsage: 1
  m_Materials:
  - {fileID: 2100000, guid: c599c369f92ccd647a33e4f991ed12ea, type: 2}
  - {fileID: 2100000, guid: 206902ae9a134dd449b0f4eae159dc17, type: 2}
  - {fileID: 2100000, guid: c599c369f92ccd647a33e4f991ed12ea, type: 2}
  m_StaticBatchInfo:
    firstSubMesh: 0
    subMeshCount: 0
  m_StaticBatchRoot: {fileID: 0}
  m_ProbeAnchor: {fileID: 0}
  m_LightProbeVolumeOverride: {fileID: 0}
  m_ScaleInLightmap: 1
  m_PreserveUVs: 0
  m_IgnoreNormalsForChartDetection: 0
  m_ImportantGI: 0
  m_SelectedEditorRenderState: 3
  m_MinimumChartSize: 4
  m_AutoUVMaxDistance: 0.5
  m_AutoUVMaxAngle: 89
  m_LightmapParameters: {fileID: 0}
  m_SortingLayerID: 0
  m_SortingOrder: 0
--- !u!33 &344907125
MeshFilter:
  m_ObjectHideFlags: 0
  m_PrefabParentObject: {fileID: 3300000, guid: 8bbba6e4e837d0b439b73b889150fac2,
    type: 3}
  m_PrefabInternal: {fileID: 0}
  m_GameObject: {fileID: 344907121}
  m_Mesh: {fileID: 4300002, guid: 8bbba6e4e837d0b439b73b889150fac2, type: 3}
--- !u!1 &598330716
GameObject:
  m_ObjectHideFlags: 0
  m_PrefabParentObject: {fileID: 0}
  m_PrefabInternal: {fileID: 0}
  serializedVersion: 5
  m_Component:
  - component: {fileID: 598330717}
  m_Layer: 0
  m_Name: Arena
  m_TagString: Untagged
  m_Icon: {fileID: 0}
  m_NavMeshLayer: 0
  m_StaticEditorFlags: 0
  m_IsActive: 1
--- !u!4 &598330717
Transform:
  m_ObjectHideFlags: 0
  m_PrefabParentObject: {fileID: 0}
  m_PrefabInternal: {fileID: 0}
  m_GameObject: {fileID: 598330716}
  m_LocalRotation: {x: 0, y: 0, z: 0, w: 1}
  m_LocalPosition: {x: 44.1506, y: 175.43, z: -900.4848}
  m_LocalScale: {x: 1, y: 1, z: 1}
  m_Children:
  - {fileID: 761257241}
  - {fileID: 256673501}
  - {fileID: 1846258902}
  - {fileID: 240027179}
  - {fileID: 125774806}
  - {fileID: 1366609318}
  - {fileID: 338169917}
  - {fileID: 1007873766}
  - {fileID: 1041165497}
  - {fileID: 1384063401}
  - {fileID: 1072647943}
  - {fileID: 28948912}
  - {fileID: 896383990}
  m_Father: {fileID: 0}
  m_RootOrder: 3
  m_LocalEulerAnglesHint: {x: 0, y: 0, z: 0}
--- !u!1 &685393081
GameObject:
  m_ObjectHideFlags: 0
  m_PrefabParentObject: {fileID: 100006, guid: 8bbba6e4e837d0b439b73b889150fac2, type: 3}
  m_PrefabInternal: {fileID: 0}
  serializedVersion: 5
  m_Component:
  - component: {fileID: 685393082}
  - component: {fileID: 685393085}
  - component: {fileID: 685393084}
  - component: {fileID: 685393083}
  m_Layer: 0
  m_Name: Wall 01 big
  m_TagString: Untagged
  m_Icon: {fileID: 0}
  m_NavMeshLayer: 0
  m_StaticEditorFlags: 4294967295
  m_IsActive: 1
--- !u!4 &685393082
Transform:
  m_ObjectHideFlags: 0
  m_PrefabParentObject: {fileID: 400006, guid: 8bbba6e4e837d0b439b73b889150fac2, type: 3}
  m_PrefabInternal: {fileID: 0}
  m_GameObject: {fileID: 685393081}
  m_LocalRotation: {x: -0, y: -0, z: -0, w: 1}
  m_LocalPosition: {x: -8.956668, y: 0, z: 0}
  m_LocalScale: {x: 1, y: 1, z: 1}
  m_Children: []
  m_Father: {fileID: 240027179}
  m_RootOrder: 0
  m_LocalEulerAnglesHint: {x: 0, y: -90, z: 0}
--- !u!64 &685393083
MeshCollider:
  m_ObjectHideFlags: 0
  m_PrefabParentObject: {fileID: 6400000, guid: 8bbba6e4e837d0b439b73b889150fac2,
    type: 3}
  m_PrefabInternal: {fileID: 0}
  m_GameObject: {fileID: 685393081}
  m_Material: {fileID: 0}
  m_IsTrigger: 0
  m_Enabled: 1
  serializedVersion: 2
  m_Convex: 0
  m_InflateMesh: 0
  m_SkinWidth: 0.01
  m_Mesh: {fileID: 4300002, guid: 8bbba6e4e837d0b439b73b889150fac2, type: 3}
--- !u!23 &685393084
MeshRenderer:
  m_ObjectHideFlags: 0
  m_PrefabParentObject: {fileID: 2300000, guid: 8bbba6e4e837d0b439b73b889150fac2,
    type: 3}
  m_PrefabInternal: {fileID: 0}
  m_GameObject: {fileID: 685393081}
  m_Enabled: 1
  m_CastShadows: 1
  m_ReceiveShadows: 1
  m_MotionVectors: 1
  m_LightProbeUsage: 1
  m_ReflectionProbeUsage: 1
  m_Materials:
  - {fileID: 2100000, guid: c599c369f92ccd647a33e4f991ed12ea, type: 2}
  - {fileID: 2100000, guid: 206902ae9a134dd449b0f4eae159dc17, type: 2}
  - {fileID: 2100000, guid: c599c369f92ccd647a33e4f991ed12ea, type: 2}
  m_StaticBatchInfo:
    firstSubMesh: 0
    subMeshCount: 0
  m_StaticBatchRoot: {fileID: 0}
  m_ProbeAnchor: {fileID: 0}
  m_LightProbeVolumeOverride: {fileID: 0}
  m_ScaleInLightmap: 1
  m_PreserveUVs: 0
  m_IgnoreNormalsForChartDetection: 0
  m_ImportantGI: 0
  m_SelectedEditorRenderState: 3
  m_MinimumChartSize: 4
  m_AutoUVMaxDistance: 0.5
  m_AutoUVMaxAngle: 89
  m_LightmapParameters: {fileID: 0}
  m_SortingLayerID: 0
  m_SortingOrder: 0
--- !u!33 &685393085
MeshFilter:
  m_ObjectHideFlags: 0
  m_PrefabParentObject: {fileID: 3300000, guid: 8bbba6e4e837d0b439b73b889150fac2,
    type: 3}
  m_PrefabInternal: {fileID: 0}
  m_GameObject: {fileID: 685393081}
  m_Mesh: {fileID: 4300002, guid: 8bbba6e4e837d0b439b73b889150fac2, type: 3}
--- !u!1 &761257240
GameObject:
  m_ObjectHideFlags: 0
  m_PrefabParentObject: {fileID: 0}
  m_PrefabInternal: {fileID: 0}
  serializedVersion: 5
  m_Component:
  - component: {fileID: 761257241}
  m_Layer: 0
  m_Name: Floor
  m_TagString: Untagged
  m_Icon: {fileID: 0}
  m_NavMeshLayer: 0
  m_StaticEditorFlags: 0
  m_IsActive: 1
--- !u!4 &761257241
Transform:
  m_ObjectHideFlags: 0
  m_PrefabParentObject: {fileID: 0}
  m_PrefabInternal: {fileID: 0}
  m_GameObject: {fileID: 761257240}
  m_LocalRotation: {x: -0, y: -0, z: -0, w: 1}
  m_LocalPosition: {x: -44.1506, y: 170.73026, z: 900.4848}
  m_LocalScale: {x: 20, y: 1, z: 20}
  m_Children:
  - {fileID: 896461223}
  - {fileID: 2091558774}
  - {fileID: 880718674}
  - {fileID: 317807369}
  m_Father: {fileID: 598330717}
  m_RootOrder: 0
  m_LocalEulerAnglesHint: {x: 0, y: 0, z: 0}
--- !u!1001 &779030275
Prefab:
  m_ObjectHideFlags: 0
  serializedVersion: 2
  m_Modification:
    m_TransformParent: {fileID: 0}
    m_Modifications:
    - target: {fileID: 4503338161539966, guid: bd2dd1f433d70984a9762f165a972e3b, type: 2}
      propertyPath: m_LocalPosition.x
      value: 0
      objectReference: {fileID: 0}
    - target: {fileID: 4503338161539966, guid: bd2dd1f433d70984a9762f165a972e3b, type: 2}
      propertyPath: m_LocalPosition.y
      value: 0
      objectReference: {fileID: 0}
    - target: {fileID: 4503338161539966, guid: bd2dd1f433d70984a9762f165a972e3b, type: 2}
      propertyPath: m_LocalPosition.z
      value: 0
      objectReference: {fileID: 0}
    - target: {fileID: 4503338161539966, guid: bd2dd1f433d70984a9762f165a972e3b, type: 2}
      propertyPath: m_LocalRotation.x
      value: -0
      objectReference: {fileID: 0}
    - target: {fileID: 4503338161539966, guid: bd2dd1f433d70984a9762f165a972e3b, type: 2}
      propertyPath: m_LocalRotation.y
      value: -0
      objectReference: {fileID: 0}
    - target: {fileID: 4503338161539966, guid: bd2dd1f433d70984a9762f165a972e3b, type: 2}
      propertyPath: m_LocalRotation.z
      value: -0
      objectReference: {fileID: 0}
    - target: {fileID: 4503338161539966, guid: bd2dd1f433d70984a9762f165a972e3b, type: 2}
      propertyPath: m_LocalRotation.w
      value: 1
      objectReference: {fileID: 0}
    - target: {fileID: 4503338161539966, guid: bd2dd1f433d70984a9762f165a972e3b, type: 2}
      propertyPath: m_RootOrder
      value: 0
      objectReference: {fileID: 0}
    - target: {fileID: 1141541106455518, guid: bd2dd1f433d70984a9762f165a972e3b, type: 2}
      propertyPath: m_Name
      value: support camera
      objectReference: {fileID: 0}
    - target: {fileID: 114841225315506256, guid: bd2dd1f433d70984a9762f165a972e3b,
        type: 2}
      propertyPath: boundB
      value: -5
      objectReference: {fileID: 0}
    - target: {fileID: 114841225315506256, guid: bd2dd1f433d70984a9762f165a972e3b,
        type: 2}
      propertyPath: boundT
      value: 5
      objectReference: {fileID: 0}
    - target: {fileID: 114841225315506256, guid: bd2dd1f433d70984a9762f165a972e3b,
        type: 2}
      propertyPath: boundL
      value: -20
      objectReference: {fileID: 0}
    - target: {fileID: 114841225315506256, guid: bd2dd1f433d70984a9762f165a972e3b,
        type: 2}
      propertyPath: boundR
      value: 20
      objectReference: {fileID: 0}
    - target: {fileID: 20759278868934214, guid: bd2dd1f433d70984a9762f165a972e3b,
        type: 2}
      propertyPath: m_CullingMask.m_Bits
      value: 4294967272
      objectReference: {fileID: 0}
    - target: {fileID: 20759278868934214, guid: bd2dd1f433d70984a9762f165a972e3b,
        type: 2}
      propertyPath: orthographic
      value: 1
      objectReference: {fileID: 0}
    - target: {fileID: 20759278868934214, guid: bd2dd1f433d70984a9762f165a972e3b,
        type: 2}
      propertyPath: orthographic size
      value: 20
      objectReference: {fileID: 0}
    - target: {fileID: 1141541106455518, guid: bd2dd1f433d70984a9762f165a972e3b, type: 2}
      propertyPath: m_IsActive
      value: 1
      objectReference: {fileID: 0}
    m_RemovedComponents:
    - {fileID: 114841225315506256, guid: bd2dd1f433d70984a9762f165a972e3b, type: 2}
  m_ParentPrefab: {fileID: 100100000, guid: bd2dd1f433d70984a9762f165a972e3b, type: 2}
  m_IsPrefabParent: 0
--- !u!1 &779030276 stripped
GameObject:
  m_PrefabParentObject: {fileID: 1141541106455518, guid: bd2dd1f433d70984a9762f165a972e3b,
    type: 2}
  m_PrefabInternal: {fileID: 779030275}
--- !u!20 &779030277 stripped
Camera:
  m_PrefabParentObject: {fileID: 20759278868934214, guid: bd2dd1f433d70984a9762f165a972e3b,
    type: 2}
  m_PrefabInternal: {fileID: 779030275}
--- !u!114 &779030278
MonoBehaviour:
  m_ObjectHideFlags: 0
  m_PrefabParentObject: {fileID: 0}
  m_PrefabInternal: {fileID: 0}
  m_GameObject: {fileID: 779030276}
  m_Enabled: 1
  m_EditorHideFlags: 0
  m_Script: {fileID: 11500000, guid: 6f13ab5fcba31d844b286c1475b73f92, type: 3}
  m_Name: 
  m_EditorClassIdentifier: 
  cam: {fileID: 779030277}
  radar: 0
  miniGame: 0
  weaponChanging: 0
  main: 0
  missile: 0
  reloading: 0
  unhacking: 0
  boost: 0
  camera: 0
  shield: 0
--- !u!95 &779030279
Animator:
  serializedVersion: 3
  m_ObjectHideFlags: 0
  m_PrefabParentObject: {fileID: 0}
  m_PrefabInternal: {fileID: 0}
  m_GameObject: {fileID: 779030276}
  m_Enabled: 1
  m_Avatar: {fileID: 0}
  m_Controller: {fileID: 9100000, guid: 36919665c3d5faf4a83db06e58e7089b, type: 2}
  m_CullingMode: 0
  m_UpdateMode: 0
  m_ApplyRootMotion: 0
  m_LinearVelocityBlending: 0
  m_WarningMessage: 
  m_HasTransformHierarchy: 1
  m_AllowConstantClipSamplingOptimization: 1
--- !u!1 &782216519
GameObject:
  m_ObjectHideFlags: 0
  m_PrefabParentObject: {fileID: 0}
  m_PrefabInternal: {fileID: 0}
  serializedVersion: 5
  m_Component:
  - component: {fileID: 782216521}
  - component: {fileID: 782216520}
  m_Layer: 0
  m_Name: Area Light
  m_TagString: Untagged
  m_Icon: {fileID: 0}
  m_NavMeshLayer: 0
  m_StaticEditorFlags: 0
  m_IsActive: 1
--- !u!108 &782216520
Light:
  m_ObjectHideFlags: 0
  m_PrefabParentObject: {fileID: 0}
  m_PrefabInternal: {fileID: 0}
  m_GameObject: {fileID: 782216519}
  m_Enabled: 1
  serializedVersion: 7
  m_Type: 3
  m_Color: {r: 1, g: 1, b: 1, a: 1}
  m_Intensity: 0.93
  m_Range: 10
  m_SpotAngle: 30
  m_CookieSize: 10
  m_Shadows:
    m_Type: 0
    m_Resolution: -1
    m_CustomResolution: -1
    m_Strength: 1
    m_Bias: 0.05
    m_NormalBias: 0.4
    m_NearPlane: 0.2
  m_Cookie: {fileID: 0}
  m_DrawHalo: 0
  m_Flare: {fileID: 0}
  m_RenderMode: 0
  m_CullingMask:
    serializedVersion: 2
    m_Bits: 4294967295
  m_Lightmapping: 2
  m_AreaSize: {x: 1, y: 1}
  m_BounceIntensity: 1
  m_ShadowRadius: 0
  m_ShadowAngle: 0
--- !u!4 &782216521
Transform:
  m_ObjectHideFlags: 0
  m_PrefabParentObject: {fileID: 0}
  m_PrefabInternal: {fileID: 0}
  m_GameObject: {fileID: 782216519}
  m_LocalRotation: {x: 0.7071068, y: 0, z: 0, w: 0.7071068}
  m_LocalPosition: {x: 53.1, y: 370.8, z: -60.3}
  m_LocalScale: {x: 1, y: 1, z: 1}
  m_Children: []
  m_Father: {fileID: 0}
  m_RootOrder: 4
  m_LocalEulerAnglesHint: {x: 90, y: 0, z: 0}
--- !u!1001 &880718673
Prefab:
  m_ObjectHideFlags: 0
  serializedVersion: 2
  m_Modification:
    m_TransformParent: {fileID: 761257241}
    m_Modifications:
    - target: {fileID: 400000, guid: 562d876b8947af74e8b12e0a2bad5bb4, type: 2}
      propertyPath: m_LocalPosition.x
      value: 6
      objectReference: {fileID: 0}
    - target: {fileID: 400000, guid: 562d876b8947af74e8b12e0a2bad5bb4, type: 2}
      propertyPath: m_LocalPosition.y
      value: 0
      objectReference: {fileID: 0}
    - target: {fileID: 400000, guid: 562d876b8947af74e8b12e0a2bad5bb4, type: 2}
      propertyPath: m_LocalPosition.z
      value: -5.125
      objectReference: {fileID: 0}
    - target: {fileID: 400000, guid: 562d876b8947af74e8b12e0a2bad5bb4, type: 2}
      propertyPath: m_LocalRotation.x
      value: -0
      objectReference: {fileID: 0}
    - target: {fileID: 400000, guid: 562d876b8947af74e8b12e0a2bad5bb4, type: 2}
      propertyPath: m_LocalRotation.y
      value: -0
      objectReference: {fileID: 0}
    - target: {fileID: 400000, guid: 562d876b8947af74e8b12e0a2bad5bb4, type: 2}
      propertyPath: m_LocalRotation.z
      value: -0
      objectReference: {fileID: 0}
    - target: {fileID: 400000, guid: 562d876b8947af74e8b12e0a2bad5bb4, type: 2}
      propertyPath: m_LocalRotation.w
      value: 1
      objectReference: {fileID: 0}
    - target: {fileID: 100000, guid: 562d876b8947af74e8b12e0a2bad5bb4, type: 2}
      propertyPath: m_StaticEditorFlags
      value: 4294967295
      objectReference: {fileID: 0}
    - target: {fileID: 2300000, guid: 562d876b8947af74e8b12e0a2bad5bb4, type: 2}
      propertyPath: m_LightmapIndex
      value: 4
      objectReference: {fileID: 0}
    - target: {fileID: 2300000, guid: 562d876b8947af74e8b12e0a2bad5bb4, type: 2}
      propertyPath: m_LightmapTilingOffset.x
      value: .786132991
      objectReference: {fileID: 0}
    - target: {fileID: 2300000, guid: 562d876b8947af74e8b12e0a2bad5bb4, type: 2}
      propertyPath: m_LightmapTilingOffset.y
      value: .786132991
      objectReference: {fileID: 0}
    - target: {fileID: 2300000, guid: 562d876b8947af74e8b12e0a2bad5bb4, type: 2}
      propertyPath: m_LightmapTilingOffset.z
      value: -.00381260994
      objectReference: {fileID: 0}
    - target: {fileID: 2300000, guid: 562d876b8947af74e8b12e0a2bad5bb4, type: 2}
      propertyPath: m_LightmapTilingOffset.w
      value: .217607006
      objectReference: {fileID: 0}
    - target: {fileID: 400000, guid: 562d876b8947af74e8b12e0a2bad5bb4, type: 2}
      propertyPath: m_RootOrder
      value: 2
      objectReference: {fileID: 0}
    - target: {fileID: 100000, guid: 562d876b8947af74e8b12e0a2bad5bb4, type: 2}
      propertyPath: m_Name
      value: Floor big 01 (2)
      objectReference: {fileID: 0}
    - target: {fileID: 400000, guid: 562d876b8947af74e8b12e0a2bad5bb4, type: 2}
      propertyPath: m_LocalScale.x
      value: 1
      objectReference: {fileID: 0}
    - target: {fileID: 400000, guid: 562d876b8947af74e8b12e0a2bad5bb4, type: 2}
      propertyPath: m_LocalScale.y
      value: 1
      objectReference: {fileID: 0}
    - target: {fileID: 400000, guid: 562d876b8947af74e8b12e0a2bad5bb4, type: 2}
      propertyPath: m_LocalScale.z
      value: 1
      objectReference: {fileID: 0}
    m_RemovedComponents: []
  m_ParentPrefab: {fileID: 100100000, guid: 562d876b8947af74e8b12e0a2bad5bb4, type: 2}
  m_IsPrefabParent: 0
--- !u!4 &880718674 stripped
Transform:
  m_PrefabParentObject: {fileID: 400000, guid: 562d876b8947af74e8b12e0a2bad5bb4, type: 2}
  m_PrefabInternal: {fileID: 880718673}
--- !u!1001 &896383989
Prefab:
  m_ObjectHideFlags: 0
  serializedVersion: 2
  m_Modification:
    m_TransformParent: {fileID: 598330717}
    m_Modifications:
    - target: {fileID: 400000, guid: 626557e5846f9764380eac89713533d4, type: 2}
      propertyPath: m_LocalPosition.x
      value: -66.2506
      objectReference: {fileID: 0}
    - target: {fileID: 400000, guid: 626557e5846f9764380eac89713533d4, type: 2}
      propertyPath: m_LocalPosition.y
      value: 416.97003
      objectReference: {fileID: 0}
    - target: {fileID: 400000, guid: 626557e5846f9764380eac89713533d4, type: 2}
      propertyPath: m_LocalPosition.z
      value: 1139.4849
      objectReference: {fileID: 0}
    - target: {fileID: 400000, guid: 626557e5846f9764380eac89713533d4, type: 2}
      propertyPath: m_LocalRotation.x
      value: 0.00000019861236
      objectReference: {fileID: 0}
    - target: {fileID: 400000, guid: 626557e5846f9764380eac89713533d4, type: 2}
      propertyPath: m_LocalRotation.y
      value: 0.7071068
      objectReference: {fileID: 0}
    - target: {fileID: 400000, guid: 626557e5846f9764380eac89713533d4, type: 2}
      propertyPath: m_LocalRotation.z
      value: -0.7071068
      objectReference: {fileID: 0}
    - target: {fileID: 400000, guid: 626557e5846f9764380eac89713533d4, type: 2}
      propertyPath: m_LocalRotation.w
      value: 0.00000019861236
      objectReference: {fileID: 0}
    - target: {fileID: 400000, guid: 626557e5846f9764380eac89713533d4, type: 2}
      propertyPath: m_LocalEulerAnglesHint.x
      value: 90
      objectReference: {fileID: 0}
    - target: {fileID: 400000, guid: 626557e5846f9764380eac89713533d4, type: 2}
      propertyPath: m_LocalEulerAnglesHint.y
      value: 179.99998
      objectReference: {fileID: 0}
    - target: {fileID: 400000, guid: 626557e5846f9764380eac89713533d4, type: 2}
      propertyPath: m_LocalEulerAnglesHint.z
      value: 0
      objectReference: {fileID: 0}
    - target: {fileID: 2300000, guid: 626557e5846f9764380eac89713533d4, type: 2}
      propertyPath: m_CastShadows
      value: 0
      objectReference: {fileID: 0}
    - target: {fileID: 100000, guid: 626557e5846f9764380eac89713533d4, type: 2}
      propertyPath: m_IsActive
      value: 1
      objectReference: {fileID: 0}
    - target: {fileID: 2300000, guid: 626557e5846f9764380eac89713533d4, type: 2}
      propertyPath: m_ReceiveShadows
      value: 1
      objectReference: {fileID: 0}
    - target: {fileID: 2300000, guid: 626557e5846f9764380eac89713533d4, type: 2}
      propertyPath: m_UseLightProbes
      value: 0
      objectReference: {fileID: 0}
    - target: {fileID: 100000, guid: 626557e5846f9764380eac89713533d4, type: 2}
      propertyPath: m_StaticEditorFlags
      value: 4294967295
      objectReference: {fileID: 0}
    - target: {fileID: 2300000, guid: 626557e5846f9764380eac89713533d4, type: 2}
      propertyPath: m_LightmapIndex
      value: 16
      objectReference: {fileID: 0}
    - target: {fileID: 2300000, guid: 626557e5846f9764380eac89713533d4, type: 2}
      propertyPath: m_LightmapTilingOffset.x
      value: .64160198
      objectReference: {fileID: 0}
    - target: {fileID: 2300000, guid: 626557e5846f9764380eac89713533d4, type: 2}
      propertyPath: m_LightmapTilingOffset.y
      value: .64160198
      objectReference: {fileID: 0}
    - target: {fileID: 2300000, guid: 626557e5846f9764380eac89713533d4, type: 2}
      propertyPath: m_LightmapTilingOffset.z
      value: .000488280988
      objectReference: {fileID: 0}
    - target: {fileID: 2300000, guid: 626557e5846f9764380eac89713533d4, type: 2}
      propertyPath: m_LightmapTilingOffset.w
      value: .364746004
      objectReference: {fileID: 0}
    - target: {fileID: 400000, guid: 626557e5846f9764380eac89713533d4, type: 2}
      propertyPath: m_RootOrder
      value: 12
      objectReference: {fileID: 0}
    - target: {fileID: 400000, guid: 626557e5846f9764380eac89713533d4, type: 2}
      propertyPath: m_LocalScale.x
      value: 60.00006
      objectReference: {fileID: 0}
    - target: {fileID: 400000, guid: 626557e5846f9764380eac89713533d4, type: 2}
      propertyPath: m_LocalScale.y
      value: 60.00003
      objectReference: {fileID: 0}
    - target: {fileID: 400000, guid: 626557e5846f9764380eac89713533d4, type: 2}
      propertyPath: m_LocalScale.z
      value: 1
      objectReference: {fileID: 0}
    - target: {fileID: 100000, guid: 626557e5846f9764380eac89713533d4, type: 2}
      propertyPath: m_NavMeshLayer
      value: 1
      objectReference: {fileID: 0}
    m_RemovedComponents: []
  m_ParentPrefab: {fileID: 100100000, guid: 626557e5846f9764380eac89713533d4, type: 2}
  m_IsPrefabParent: 0
--- !u!4 &896383990 stripped
Transform:
  m_PrefabParentObject: {fileID: 400000, guid: 626557e5846f9764380eac89713533d4, type: 2}
  m_PrefabInternal: {fileID: 896383989}
--- !u!1001 &896461222
Prefab:
  m_ObjectHideFlags: 0
  serializedVersion: 2
  m_Modification:
    m_TransformParent: {fileID: 761257241}
    m_Modifications:
    - target: {fileID: 400000, guid: 562d876b8947af74e8b12e0a2bad5bb4, type: 2}
      propertyPath: m_LocalPosition.x
      value: -6
      objectReference: {fileID: 0}
    - target: {fileID: 400000, guid: 562d876b8947af74e8b12e0a2bad5bb4, type: 2}
      propertyPath: m_LocalPosition.y
      value: 0
      objectReference: {fileID: 0}
    - target: {fileID: 400000, guid: 562d876b8947af74e8b12e0a2bad5bb4, type: 2}
      propertyPath: m_LocalPosition.z
      value: 5.125
      objectReference: {fileID: 0}
    - target: {fileID: 400000, guid: 562d876b8947af74e8b12e0a2bad5bb4, type: 2}
      propertyPath: m_LocalRotation.x
      value: -0
      objectReference: {fileID: 0}
    - target: {fileID: 400000, guid: 562d876b8947af74e8b12e0a2bad5bb4, type: 2}
      propertyPath: m_LocalRotation.y
      value: -0
      objectReference: {fileID: 0}
    - target: {fileID: 400000, guid: 562d876b8947af74e8b12e0a2bad5bb4, type: 2}
      propertyPath: m_LocalRotation.z
      value: -0
      objectReference: {fileID: 0}
    - target: {fileID: 400000, guid: 562d876b8947af74e8b12e0a2bad5bb4, type: 2}
      propertyPath: m_LocalRotation.w
      value: 1
      objectReference: {fileID: 0}
    - target: {fileID: 100000, guid: 562d876b8947af74e8b12e0a2bad5bb4, type: 2}
      propertyPath: m_StaticEditorFlags
      value: 4294967295
      objectReference: {fileID: 0}
    - target: {fileID: 2300000, guid: 562d876b8947af74e8b12e0a2bad5bb4, type: 2}
      propertyPath: m_LightmapIndex
      value: 4
      objectReference: {fileID: 0}
    - target: {fileID: 2300000, guid: 562d876b8947af74e8b12e0a2bad5bb4, type: 2}
      propertyPath: m_LightmapTilingOffset.x
      value: .786132991
      objectReference: {fileID: 0}
    - target: {fileID: 2300000, guid: 562d876b8947af74e8b12e0a2bad5bb4, type: 2}
      propertyPath: m_LightmapTilingOffset.y
      value: .786132991
      objectReference: {fileID: 0}
    - target: {fileID: 2300000, guid: 562d876b8947af74e8b12e0a2bad5bb4, type: 2}
      propertyPath: m_LightmapTilingOffset.z
      value: -.00381260994
      objectReference: {fileID: 0}
    - target: {fileID: 2300000, guid: 562d876b8947af74e8b12e0a2bad5bb4, type: 2}
      propertyPath: m_LightmapTilingOffset.w
      value: .217607006
      objectReference: {fileID: 0}
    - target: {fileID: 400000, guid: 562d876b8947af74e8b12e0a2bad5bb4, type: 2}
      propertyPath: m_RootOrder
      value: 0
      objectReference: {fileID: 0}
    - target: {fileID: 100000, guid: 562d876b8947af74e8b12e0a2bad5bb4, type: 2}
      propertyPath: m_Name
      value: Floor big 01
      objectReference: {fileID: 0}
    - target: {fileID: 400000, guid: 562d876b8947af74e8b12e0a2bad5bb4, type: 2}
      propertyPath: m_LocalScale.x
      value: 1
      objectReference: {fileID: 0}
    - target: {fileID: 400000, guid: 562d876b8947af74e8b12e0a2bad5bb4, type: 2}
      propertyPath: m_LocalScale.y
      value: 1
      objectReference: {fileID: 0}
    - target: {fileID: 400000, guid: 562d876b8947af74e8b12e0a2bad5bb4, type: 2}
      propertyPath: m_LocalScale.z
      value: 1
      objectReference: {fileID: 0}
    m_RemovedComponents: []
  m_ParentPrefab: {fileID: 100100000, guid: 562d876b8947af74e8b12e0a2bad5bb4, type: 2}
  m_IsPrefabParent: 0
--- !u!4 &896461223 stripped
Transform:
  m_PrefabParentObject: {fileID: 400000, guid: 562d876b8947af74e8b12e0a2bad5bb4, type: 2}
  m_PrefabInternal: {fileID: 896461222}
--- !u!1001 &975227730
Prefab:
  m_ObjectHideFlags: 0
  serializedVersion: 2
  m_Modification:
    m_TransformParent: {fileID: 0}
    m_Modifications:
    - target: {fileID: 224642190579706802, guid: 5ca96279a7e8ffd418a62e1d23529b2e,
        type: 2}
      propertyPath: m_LocalPosition.x
      value: 0
      objectReference: {fileID: 0}
    - target: {fileID: 224642190579706802, guid: 5ca96279a7e8ffd418a62e1d23529b2e,
        type: 2}
      propertyPath: m_LocalPosition.y
      value: 0
      objectReference: {fileID: 0}
    - target: {fileID: 224642190579706802, guid: 5ca96279a7e8ffd418a62e1d23529b2e,
        type: 2}
      propertyPath: m_LocalPosition.z
      value: 10
      objectReference: {fileID: 0}
    - target: {fileID: 224642190579706802, guid: 5ca96279a7e8ffd418a62e1d23529b2e,
        type: 2}
      propertyPath: m_LocalRotation.x
      value: 0
      objectReference: {fileID: 0}
    - target: {fileID: 224642190579706802, guid: 5ca96279a7e8ffd418a62e1d23529b2e,
        type: 2}
      propertyPath: m_LocalRotation.y
      value: 0
      objectReference: {fileID: 0}
    - target: {fileID: 224642190579706802, guid: 5ca96279a7e8ffd418a62e1d23529b2e,
        type: 2}
      propertyPath: m_LocalRotation.z
      value: 0
      objectReference: {fileID: 0}
    - target: {fileID: 224642190579706802, guid: 5ca96279a7e8ffd418a62e1d23529b2e,
        type: 2}
      propertyPath: m_LocalRotation.w
      value: 1
      objectReference: {fileID: 0}
    - target: {fileID: 224642190579706802, guid: 5ca96279a7e8ffd418a62e1d23529b2e,
        type: 2}
      propertyPath: m_RootOrder
      value: 2
      objectReference: {fileID: 0}
    - target: {fileID: 224642190579706802, guid: 5ca96279a7e8ffd418a62e1d23529b2e,
        type: 2}
      propertyPath: m_AnchoredPosition.x
      value: 0
      objectReference: {fileID: 0}
    - target: {fileID: 224642190579706802, guid: 5ca96279a7e8ffd418a62e1d23529b2e,
        type: 2}
      propertyPath: m_AnchoredPosition.y
      value: 0
      objectReference: {fileID: 0}
    - target: {fileID: 224642190579706802, guid: 5ca96279a7e8ffd418a62e1d23529b2e,
        type: 2}
      propertyPath: m_SizeDelta.x
      value: 100
      objectReference: {fileID: 0}
    - target: {fileID: 224642190579706802, guid: 5ca96279a7e8ffd418a62e1d23529b2e,
        type: 2}
      propertyPath: m_SizeDelta.y
      value: 100
      objectReference: {fileID: 0}
    - target: {fileID: 224642190579706802, guid: 5ca96279a7e8ffd418a62e1d23529b2e,
        type: 2}
      propertyPath: m_AnchorMin.x
      value: 0
      objectReference: {fileID: 0}
    - target: {fileID: 224642190579706802, guid: 5ca96279a7e8ffd418a62e1d23529b2e,
        type: 2}
      propertyPath: m_AnchorMin.y
      value: 0
      objectReference: {fileID: 0}
    - target: {fileID: 224642190579706802, guid: 5ca96279a7e8ffd418a62e1d23529b2e,
        type: 2}
      propertyPath: m_AnchorMax.x
      value: 0
      objectReference: {fileID: 0}
    - target: {fileID: 224642190579706802, guid: 5ca96279a7e8ffd418a62e1d23529b2e,
        type: 2}
      propertyPath: m_AnchorMax.y
      value: 0
      objectReference: {fileID: 0}
    - target: {fileID: 224642190579706802, guid: 5ca96279a7e8ffd418a62e1d23529b2e,
        type: 2}
      propertyPath: m_Pivot.x
      value: 0.5
      objectReference: {fileID: 0}
    - target: {fileID: 224642190579706802, guid: 5ca96279a7e8ffd418a62e1d23529b2e,
        type: 2}
      propertyPath: m_Pivot.y
      value: 0.5
      objectReference: {fileID: 0}
    - target: {fileID: 224681887679070474, guid: 5ca96279a7e8ffd418a62e1d23529b2e,
        type: 2}
      propertyPath: m_AnchorMin.y
      value: 1
      objectReference: {fileID: 0}
    - target: {fileID: 224681887679070474, guid: 5ca96279a7e8ffd418a62e1d23529b2e,
        type: 2}
      propertyPath: m_AnchorMax.y
      value: 1
      objectReference: {fileID: 0}
    - target: {fileID: 224681887679070474, guid: 5ca96279a7e8ffd418a62e1d23529b2e,
        type: 2}
      propertyPath: m_AnchoredPosition.x
      value: 5.699997
      objectReference: {fileID: 0}
    - target: {fileID: 224681887679070474, guid: 5ca96279a7e8ffd418a62e1d23529b2e,
        type: 2}
      propertyPath: m_AnchoredPosition.y
      value: 0
      objectReference: {fileID: 0}
    - target: {fileID: 224931150817165064, guid: 5ca96279a7e8ffd418a62e1d23529b2e,
        type: 2}
      propertyPath: m_AnchorMin.y
      value: 1
      objectReference: {fileID: 0}
    - target: {fileID: 224931150817165064, guid: 5ca96279a7e8ffd418a62e1d23529b2e,
        type: 2}
      propertyPath: m_AnchorMax.y
      value: 1
      objectReference: {fileID: 0}
    - target: {fileID: 224931150817165064, guid: 5ca96279a7e8ffd418a62e1d23529b2e,
        type: 2}
      propertyPath: m_AnchoredPosition.x
      value: 5.699997
      objectReference: {fileID: 0}
    - target: {fileID: 224931150817165064, guid: 5ca96279a7e8ffd418a62e1d23529b2e,
        type: 2}
      propertyPath: m_AnchoredPosition.y
      value: 0
      objectReference: {fileID: 0}
    - target: {fileID: 224491473591508680, guid: 5ca96279a7e8ffd418a62e1d23529b2e,
        type: 2}
      propertyPath: m_AnchorMin.y
      value: 1
      objectReference: {fileID: 0}
    - target: {fileID: 224491473591508680, guid: 5ca96279a7e8ffd418a62e1d23529b2e,
        type: 2}
      propertyPath: m_AnchorMax.y
      value: 1
      objectReference: {fileID: 0}
    - target: {fileID: 224491473591508680, guid: 5ca96279a7e8ffd418a62e1d23529b2e,
        type: 2}
      propertyPath: m_AnchoredPosition.x
      value: 5.699997
      objectReference: {fileID: 0}
    - target: {fileID: 224491473591508680, guid: 5ca96279a7e8ffd418a62e1d23529b2e,
        type: 2}
      propertyPath: m_AnchoredPosition.y
      value: 0
      objectReference: {fileID: 0}
    - target: {fileID: 1453610562242008, guid: 5ca96279a7e8ffd418a62e1d23529b2e, type: 2}
      propertyPath: m_Name
      value: support
      objectReference: {fileID: 0}
    - target: {fileID: 224284979790643626, guid: 5ca96279a7e8ffd418a62e1d23529b2e,
        type: 2}
      propertyPath: m_AnchorMax.x
      value: 0.575
      objectReference: {fileID: 0}
    - target: {fileID: 224284979790643626, guid: 5ca96279a7e8ffd418a62e1d23529b2e,
        type: 2}
      propertyPath: m_AnchorMax.y
      value: 1
      objectReference: {fileID: 0}
    - target: {fileID: 224958124993923272, guid: 5ca96279a7e8ffd418a62e1d23529b2e,
        type: 2}
      propertyPath: m_AnchorMax.x
      value: 0.575
      objectReference: {fileID: 0}
    - target: {fileID: 224958124993923272, guid: 5ca96279a7e8ffd418a62e1d23529b2e,
        type: 2}
      propertyPath: m_AnchorMax.y
      value: 1
      objectReference: {fileID: 0}
    - target: {fileID: 224279988284994706, guid: 5ca96279a7e8ffd418a62e1d23529b2e,
        type: 2}
      propertyPath: m_AnchorMax.x
      value: 0.575
      objectReference: {fileID: 0}
    - target: {fileID: 224279988284994706, guid: 5ca96279a7e8ffd418a62e1d23529b2e,
        type: 2}
      propertyPath: m_AnchorMax.y
      value: 1
      objectReference: {fileID: 0}
    - target: {fileID: 224747921308370834, guid: 5ca96279a7e8ffd418a62e1d23529b2e,
        type: 2}
      propertyPath: m_AnchorMax.x
      value: 0.575
      objectReference: {fileID: 0}
    - target: {fileID: 224747921308370834, guid: 5ca96279a7e8ffd418a62e1d23529b2e,
        type: 2}
      propertyPath: m_AnchorMax.y
      value: 1
      objectReference: {fileID: 0}
    - target: {fileID: 224341422861419742, guid: 5ca96279a7e8ffd418a62e1d23529b2e,
        type: 2}
      propertyPath: m_AnchorMax.y
      value: 1
      objectReference: {fileID: 0}
    - target: {fileID: 224350875617107204, guid: 5ca96279a7e8ffd418a62e1d23529b2e,
        type: 2}
      propertyPath: m_AnchorMax.x
      value: 0.575
      objectReference: {fileID: 0}
    - target: {fileID: 224350875617107204, guid: 5ca96279a7e8ffd418a62e1d23529b2e,
        type: 2}
      propertyPath: m_AnchorMax.y
      value: 1
      objectReference: {fileID: 0}
    m_RemovedComponents: []
  m_ParentPrefab: {fileID: 100100000, guid: 5ca96279a7e8ffd418a62e1d23529b2e, type: 2}
  m_IsPrefabParent: 0
--- !u!1 &1007873764
GameObject:
  m_ObjectHideFlags: 0
  m_PrefabParentObject: {fileID: 0}
  m_PrefabInternal: {fileID: 0}
  serializedVersion: 5
  m_Component:
  - component: {fileID: 1007873766}
  - component: {fileID: 1007873765}
  m_Layer: 0
  m_Name: Directional Light (1)
  m_TagString: Untagged
  m_Icon: {fileID: 0}
  m_NavMeshLayer: 0
  m_StaticEditorFlags: 0
  m_IsActive: 0
--- !u!108 &1007873765
Light:
  m_ObjectHideFlags: 0
  m_PrefabParentObject: {fileID: 0}
  m_PrefabInternal: {fileID: 0}
  m_GameObject: {fileID: 1007873764}
  m_Enabled: 1
  serializedVersion: 7
  m_Type: 1
  m_Color: {r: 1, g: 0.95686275, b: 0.8392157, a: 1}
  m_Intensity: 1.14
  m_Range: 10
  m_SpotAngle: 30
  m_CookieSize: 10
  m_Shadows:
    m_Type: 2
    m_Resolution: -1
    m_CustomResolution: -1
    m_Strength: 1
    m_Bias: 0.05
    m_NormalBias: 0.4
    m_NearPlane: 0.2
  m_Cookie: {fileID: 0}
  m_DrawHalo: 0
  m_Flare: {fileID: 0}
  m_RenderMode: 0
  m_CullingMask:
    serializedVersion: 2
    m_Bits: 4294967295
  m_Lightmapping: 4
  m_AreaSize: {x: 1, y: 1}
  m_BounceIntensity: 1
  m_ShadowRadius: 0
  m_ShadowAngle: 0
--- !u!4 &1007873766
Transform:
  m_ObjectHideFlags: 0
  m_PrefabParentObject: {fileID: 0}
  m_PrefabInternal: {fileID: 0}
  m_GameObject: {fileID: 1007873764}
  m_LocalRotation: {x: 0, y: 0.7071068, z: 0, w: 0.7071068}
  m_LocalPosition: {x: 33.9, y: 282.6, z: 968.7}
  m_LocalScale: {x: 1, y: 1, z: 1}
  m_Children:
  - {fileID: 1871371696}
  m_Father: {fileID: 598330717}
  m_RootOrder: 7
  m_LocalEulerAnglesHint: {x: 0, y: 90, z: 0}
--- !u!1 &1017948904
GameObject:
  m_ObjectHideFlags: 0
  m_PrefabParentObject: {fileID: 0}
  m_PrefabInternal: {fileID: 0}
  serializedVersion: 5
  m_Component:
  - component: {fileID: 1017948905}
  - component: {fileID: 1017948906}
  m_Layer: 0
  m_Name: Point light
  m_TagString: Untagged
  m_Icon: {fileID: 0}
  m_NavMeshLayer: 0
  m_StaticEditorFlags: 0
  m_IsActive: 1
--- !u!4 &1017948905
Transform:
  m_ObjectHideFlags: 0
  m_PrefabParentObject: {fileID: 0}
  m_PrefabInternal: {fileID: 0}
  m_GameObject: {fileID: 1017948904}
  m_LocalRotation: {x: 0, y: 0, z: 0, w: 1}
  m_LocalPosition: {x: 0, y: 0, z: 0}
  m_LocalScale: {x: 1, y: 1, z: 1}
  m_Children: []
  m_Father: {fileID: 1041165497}
  m_RootOrder: 0
  m_LocalEulerAnglesHint: {x: 0, y: 0, z: 0}
--- !u!108 &1017948906
Light:
  m_ObjectHideFlags: 0
  m_PrefabParentObject: {fileID: 0}
  m_PrefabInternal: {fileID: 0}
  m_GameObject: {fileID: 1017948904}
  m_Enabled: 1
  serializedVersion: 7
  m_Type: 2
  m_Color: {r: 1, g: 1, b: 1, a: 1}
  m_Intensity: 1
  m_Range: 10
  m_SpotAngle: 30
  m_CookieSize: 10
  m_Shadows:
    m_Type: 0
    m_Resolution: -1
    m_CustomResolution: -1
    m_Strength: 1
    m_Bias: 0.05
    m_NormalBias: 0.4
    m_NearPlane: 0.2
  m_Cookie: {fileID: 0}
  m_DrawHalo: 0
  m_Flare: {fileID: 0}
  m_RenderMode: 0
  m_CullingMask:
    serializedVersion: 2
    m_Bits: 4294967295
  m_Lightmapping: 4
  m_AreaSize: {x: 1, y: 1}
  m_BounceIntensity: 1
  m_ShadowRadius: 0
  m_ShadowAngle: 0
--- !u!1 &1041165495
GameObject:
  m_ObjectHideFlags: 0
  m_PrefabParentObject: {fileID: 0}
  m_PrefabInternal: {fileID: 0}
  serializedVersion: 5
  m_Component:
  - component: {fileID: 1041165497}
  - component: {fileID: 1041165496}
  m_Layer: 0
  m_Name: Directional Light (2)
  m_TagString: Untagged
  m_Icon: {fileID: 0}
  m_NavMeshLayer: 0
  m_StaticEditorFlags: 0
  m_IsActive: 0
--- !u!108 &1041165496
Light:
  m_ObjectHideFlags: 0
  m_PrefabParentObject: {fileID: 0}
  m_PrefabInternal: {fileID: 0}
  m_GameObject: {fileID: 1041165495}
  m_Enabled: 1
  serializedVersion: 7
  m_Type: 1
  m_Color: {r: 1, g: 0.95686275, b: 0.8392157, a: 1}
  m_Intensity: 1.14
  m_Range: 10
  m_SpotAngle: 30
  m_CookieSize: 10
  m_Shadows:
    m_Type: 2
    m_Resolution: -1
    m_CustomResolution: -1
    m_Strength: 1
    m_Bias: 0.05
    m_NormalBias: 0.4
    m_NearPlane: 0.2
  m_Cookie: {fileID: 0}
  m_DrawHalo: 0
  m_Flare: {fileID: 0}
  m_RenderMode: 0
  m_CullingMask:
    serializedVersion: 2
    m_Bits: 4294967295
  m_Lightmapping: 4
  m_AreaSize: {x: 1, y: 1}
  m_BounceIntensity: 1
  m_ShadowRadius: 0
  m_ShadowAngle: 0
--- !u!4 &1041165497
Transform:
  m_ObjectHideFlags: 0
  m_PrefabParentObject: {fileID: 0}
  m_PrefabInternal: {fileID: 0}
  m_GameObject: {fileID: 1041165495}
  m_LocalRotation: {x: 0, y: 0.9961947, z: -0, w: -0.08715578}
  m_LocalPosition: {x: 22.6, y: 261.3, z: 714.7}
  m_LocalScale: {x: 1, y: 1, z: 1}
  m_Children:
  - {fileID: 1017948905}
  m_Father: {fileID: 598330717}
  m_RootOrder: 8
  m_LocalEulerAnglesHint: {x: 0, y: 190, z: 0}
--- !u!1 &1072647942
GameObject:
  m_ObjectHideFlags: 0
  m_PrefabParentObject: {fileID: 0}
  m_PrefabInternal: {fileID: 0}
  serializedVersion: 5
  m_Component:
  - component: {fileID: 1072647943}
  - component: {fileID: 1072647944}
  m_Layer: 0
  m_Name: Directional Light (4)
  m_TagString: Untagged
  m_Icon: {fileID: 0}
  m_NavMeshLayer: 0
  m_StaticEditorFlags: 0
  m_IsActive: 0
--- !u!4 &1072647943
Transform:
  m_ObjectHideFlags: 0
  m_PrefabParentObject: {fileID: 0}
  m_PrefabInternal: {fileID: 0}
  m_GameObject: {fileID: 1072647942}
  m_LocalRotation: {x: -0.7071068, y: 0, z: 0, w: 0.7071068}
  m_LocalPosition: {x: 103.9494, y: 321.6, z: 942.1848}
  m_LocalScale: {x: 1.0000005, y: 1, z: 1.0000005}
  m_Children: []
  m_Father: {fileID: 598330717}
  m_RootOrder: 10
  m_LocalEulerAnglesHint: {x: -90, y: 0, z: 0}
--- !u!108 &1072647944
Light:
  m_ObjectHideFlags: 0
  m_PrefabParentObject: {fileID: 0}
  m_PrefabInternal: {fileID: 0}
  m_GameObject: {fileID: 1072647942}
  m_Enabled: 1
  serializedVersion: 7
  m_Type: 1
  m_Color: {r: 1, g: 0.95686275, b: 0.8392157, a: 1}
  m_Intensity: 1.14
  m_Range: 10
  m_SpotAngle: 30
  m_CookieSize: 10
  m_Shadows:
    m_Type: 2
    m_Resolution: -1
    m_CustomResolution: -1
    m_Strength: 1
    m_Bias: 0.05
    m_NormalBias: 0.4
    m_NearPlane: 0.2
  m_Cookie: {fileID: 0}
  m_DrawHalo: 0
  m_Flare: {fileID: 0}
  m_RenderMode: 0
  m_CullingMask:
    serializedVersion: 2
    m_Bits: 4294967295
  m_Lightmapping: 4
  m_AreaSize: {x: 1, y: 1}
  m_BounceIntensity: 1
  m_ShadowRadius: 0
  m_ShadowAngle: 0
--- !u!1 &1323109869
GameObject:
  m_ObjectHideFlags: 0
  m_PrefabParentObject: {fileID: 100006, guid: 8bbba6e4e837d0b439b73b889150fac2, type: 3}
  m_PrefabInternal: {fileID: 0}
  serializedVersion: 5
  m_Component:
  - component: {fileID: 1323109870}
  - component: {fileID: 1323109873}
  - component: {fileID: 1323109872}
  - component: {fileID: 1323109871}
  m_Layer: 0
  m_Name: Wall 01 big
  m_TagString: Untagged
  m_Icon: {fileID: 0}
  m_NavMeshLayer: 0
  m_StaticEditorFlags: 4294967295
  m_IsActive: 1
--- !u!4 &1323109870
Transform:
  m_ObjectHideFlags: 0
  m_PrefabParentObject: {fileID: 400006, guid: 8bbba6e4e837d0b439b73b889150fac2, type: 3}
  m_PrefabInternal: {fileID: 0}
  m_GameObject: {fileID: 1323109869}
  m_LocalRotation: {x: -0, y: -0, z: -0, w: 1}
  m_LocalPosition: {x: -8.956668, y: 0, z: 0}
  m_LocalScale: {x: 1, y: 1, z: 1}
  m_Children: []
  m_Father: {fileID: 125774806}
  m_RootOrder: 0
  m_LocalEulerAnglesHint: {x: 0, y: -90, z: 0}
--- !u!64 &1323109871
MeshCollider:
  m_ObjectHideFlags: 0
  m_PrefabParentObject: {fileID: 6400000, guid: 8bbba6e4e837d0b439b73b889150fac2,
    type: 3}
  m_PrefabInternal: {fileID: 0}
  m_GameObject: {fileID: 1323109869}
  m_Material: {fileID: 0}
  m_IsTrigger: 0
  m_Enabled: 1
  serializedVersion: 2
  m_Convex: 0
  m_InflateMesh: 0
  m_SkinWidth: 0.01
  m_Mesh: {fileID: 4300002, guid: 8bbba6e4e837d0b439b73b889150fac2, type: 3}
--- !u!23 &1323109872
MeshRenderer:
  m_ObjectHideFlags: 0
  m_PrefabParentObject: {fileID: 2300000, guid: 8bbba6e4e837d0b439b73b889150fac2,
    type: 3}
  m_PrefabInternal: {fileID: 0}
  m_GameObject: {fileID: 1323109869}
  m_Enabled: 1
  m_CastShadows: 1
  m_ReceiveShadows: 1
  m_MotionVectors: 1
  m_LightProbeUsage: 1
  m_ReflectionProbeUsage: 1
  m_Materials:
  - {fileID: 2100000, guid: c599c369f92ccd647a33e4f991ed12ea, type: 2}
  - {fileID: 2100000, guid: 206902ae9a134dd449b0f4eae159dc17, type: 2}
  - {fileID: 2100000, guid: c599c369f92ccd647a33e4f991ed12ea, type: 2}
  m_StaticBatchInfo:
    firstSubMesh: 0
    subMeshCount: 0
  m_StaticBatchRoot: {fileID: 0}
  m_ProbeAnchor: {fileID: 0}
  m_LightProbeVolumeOverride: {fileID: 0}
  m_ScaleInLightmap: 1
  m_PreserveUVs: 0
  m_IgnoreNormalsForChartDetection: 0
  m_ImportantGI: 0
  m_SelectedEditorRenderState: 3
  m_MinimumChartSize: 4
  m_AutoUVMaxDistance: 0.5
  m_AutoUVMaxAngle: 89
  m_LightmapParameters: {fileID: 0}
  m_SortingLayerID: 0
  m_SortingOrder: 0
--- !u!33 &1323109873
MeshFilter:
  m_ObjectHideFlags: 0
  m_PrefabParentObject: {fileID: 3300000, guid: 8bbba6e4e837d0b439b73b889150fac2,
    type: 3}
  m_PrefabInternal: {fileID: 0}
  m_GameObject: {fileID: 1323109869}
  m_Mesh: {fileID: 4300002, guid: 8bbba6e4e837d0b439b73b889150fac2, type: 3}
--- !u!1 &1366609317
GameObject:
  m_ObjectHideFlags: 0
  m_PrefabParentObject: {fileID: 0}
  m_PrefabInternal: {fileID: 0}
  serializedVersion: 5
  m_Component:
  - component: {fileID: 1366609318}
  - component: {fileID: 1366609319}
  m_Layer: 0
  m_Name: Point light
  m_TagString: Untagged
  m_Icon: {fileID: 0}
  m_NavMeshLayer: 0
  m_StaticEditorFlags: 0
  m_IsActive: 1
--- !u!4 &1366609318
Transform:
  m_ObjectHideFlags: 0
  m_PrefabParentObject: {fileID: 0}
  m_PrefabInternal: {fileID: 0}
  m_GameObject: {fileID: 1366609317}
  m_LocalRotation: {x: -0.7071068, y: -0, z: -0, w: 0.7071068}
  m_LocalPosition: {x: -22.3, y: 300, z: 942.2}
  m_LocalScale: {x: 1, y: 1, z: 1}
  m_Children: []
  m_Father: {fileID: 598330717}
  m_RootOrder: 5
  m_LocalEulerAnglesHint: {x: 0, y: 0, z: 0}
--- !u!108 &1366609319
Light:
  m_ObjectHideFlags: 0
  m_PrefabParentObject: {fileID: 0}
  m_PrefabInternal: {fileID: 0}
  m_GameObject: {fileID: 1366609317}
  m_Enabled: 1
  serializedVersion: 7
  m_Type: 2
  m_Color: {r: 1, g: 1, b: 1, a: 1}
  m_Intensity: 6.26
  m_Range: 700
  m_SpotAngle: 30
  m_CookieSize: 10
  m_Shadows:
    m_Type: 0
    m_Resolution: -1
    m_CustomResolution: -1
    m_Strength: 1
    m_Bias: 0.05
    m_NormalBias: 0.4
    m_NearPlane: 0.2
  m_Cookie: {fileID: 0}
  m_DrawHalo: 0
  m_Flare: {fileID: 0}
  m_RenderMode: 0
  m_CullingMask:
    serializedVersion: 2
    m_Bits: 4294967295
  m_Lightmapping: 4
  m_AreaSize: {x: 1, y: 1}
  m_BounceIntensity: 1
  m_ShadowRadius: 0
  m_ShadowAngle: 0
--- !u!1 &1384063400
GameObject:
  m_ObjectHideFlags: 0
  m_PrefabParentObject: {fileID: 0}
  m_PrefabInternal: {fileID: 0}
  serializedVersion: 5
  m_Component:
  - component: {fileID: 1384063401}
  - component: {fileID: 1384063402}
  m_Layer: 0
  m_Name: Directional Light (3)
  m_TagString: Untagged
  m_Icon: {fileID: 0}
  m_NavMeshLayer: 0
  m_StaticEditorFlags: 0
  m_IsActive: 0
--- !u!4 &1384063401
Transform:
  m_ObjectHideFlags: 0
  m_PrefabParentObject: {fileID: 0}
  m_PrefabInternal: {fileID: 0}
  m_GameObject: {fileID: 1384063400}
  m_LocalRotation: {x: 0, y: -0.7071068, z: 0, w: 0.7071068}
  m_LocalPosition: {x: -66.03, y: 283.1, z: 942.18}
  m_LocalScale: {x: 1, y: 1, z: 1}
  m_Children:
  - {fileID: 256203116}
  m_Father: {fileID: 598330717}
  m_RootOrder: 9
  m_LocalEulerAnglesHint: {x: 0, y: -90, z: 0}
--- !u!108 &1384063402
Light:
  m_ObjectHideFlags: 0
  m_PrefabParentObject: {fileID: 0}
  m_PrefabInternal: {fileID: 0}
  m_GameObject: {fileID: 1384063400}
  m_Enabled: 1
  serializedVersion: 7
  m_Type: 1
  m_Color: {r: 1, g: 0.95686275, b: 0.8392157, a: 1}
  m_Intensity: 1.14
  m_Range: 10
  m_SpotAngle: 30
  m_CookieSize: 10
  m_Shadows:
    m_Type: 2
    m_Resolution: -1
    m_CustomResolution: -1
    m_Strength: 1
    m_Bias: 0.05
    m_NormalBias: 0.4
    m_NearPlane: 0.2
  m_Cookie: {fileID: 0}
  m_DrawHalo: 0
  m_Flare: {fileID: 0}
  m_RenderMode: 0
  m_CullingMask:
    serializedVersion: 2
    m_Bits: 4294967295
  m_Lightmapping: 4
  m_AreaSize: {x: 1, y: 1}
  m_BounceIntensity: 1
  m_ShadowRadius: 0
  m_ShadowAngle: 0
--- !u!1001 &1457303747
Prefab:
  m_ObjectHideFlags: 0
  serializedVersion: 2
  m_Modification:
    m_TransformParent: {fileID: 0}
    m_Modifications:
    - target: {fileID: 4831614337224188, guid: da6545a8e8a0149479df47df8fee9234, type: 2}
      propertyPath: m_LocalPosition.x
      value: 138.41718
      objectReference: {fileID: 0}
    - target: {fileID: 4831614337224188, guid: da6545a8e8a0149479df47df8fee9234, type: 2}
      propertyPath: m_LocalPosition.y
      value: 346.16025
      objectReference: {fileID: 0}
    - target: {fileID: 4831614337224188, guid: da6545a8e8a0149479df47df8fee9234, type: 2}
      propertyPath: m_LocalPosition.z
      value: 23.883133
      objectReference: {fileID: 0}
    - target: {fileID: 4831614337224188, guid: da6545a8e8a0149479df47df8fee9234, type: 2}
      propertyPath: m_LocalRotation.x
      value: 0
      objectReference: {fileID: 0}
    - target: {fileID: 4831614337224188, guid: da6545a8e8a0149479df47df8fee9234, type: 2}
      propertyPath: m_LocalRotation.y
      value: 0
      objectReference: {fileID: 0}
    - target: {fileID: 4831614337224188, guid: da6545a8e8a0149479df47df8fee9234, type: 2}
      propertyPath: m_LocalRotation.z
      value: 0
      objectReference: {fileID: 0}
    - target: {fileID: 4831614337224188, guid: da6545a8e8a0149479df47df8fee9234, type: 2}
      propertyPath: m_LocalRotation.w
      value: 1
      objectReference: {fileID: 0}
    - target: {fileID: 4831614337224188, guid: da6545a8e8a0149479df47df8fee9234, type: 2}
      propertyPath: m_RootOrder
      value: 1
      objectReference: {fileID: 0}
    - target: {fileID: 1212449190923520, guid: da6545a8e8a0149479df47df8fee9234, type: 2}
      propertyPath: m_Name
      value: Pilot
      objectReference: {fileID: 0}
    m_RemovedComponents: []
  m_ParentPrefab: {fileID: 100100000, guid: da6545a8e8a0149479df47df8fee9234, type: 2}
  m_IsPrefabParent: 0
--- !u!1 &1783743819
GameObject:
  m_ObjectHideFlags: 0
  m_PrefabParentObject: {fileID: 100006, guid: 8bbba6e4e837d0b439b73b889150fac2, type: 3}
  m_PrefabInternal: {fileID: 0}
  serializedVersion: 5
  m_Component:
  - component: {fileID: 1783743820}
  - component: {fileID: 1783743823}
  - component: {fileID: 1783743822}
  - component: {fileID: 1783743821}
  m_Layer: 0
  m_Name: Wall 01 big (1)
  m_TagString: Untagged
  m_Icon: {fileID: 0}
  m_NavMeshLayer: 0
  m_StaticEditorFlags: 4294967295
  m_IsActive: 1
--- !u!4 &1783743820
Transform:
  m_ObjectHideFlags: 0
  m_PrefabParentObject: {fileID: 400006, guid: 8bbba6e4e837d0b439b73b889150fac2, type: 3}
  m_PrefabInternal: {fileID: 0}
  m_GameObject: {fileID: 1783743819}
  m_LocalRotation: {x: -0, y: -0, z: -0, w: 1}
  m_LocalPosition: {x: 0, y: 0, z: 0}
  m_LocalScale: {x: 1, y: 1, z: 1}
  m_Children: []
  m_Father: {fileID: 240027179}
  m_RootOrder: 1
  m_LocalEulerAnglesHint: {x: 0, y: -90, z: 0}
--- !u!64 &1783743821
MeshCollider:
  m_ObjectHideFlags: 0
  m_PrefabParentObject: {fileID: 6400000, guid: 8bbba6e4e837d0b439b73b889150fac2,
    type: 3}
  m_PrefabInternal: {fileID: 0}
  m_GameObject: {fileID: 1783743819}
  m_Material: {fileID: 0}
  m_IsTrigger: 0
  m_Enabled: 1
  serializedVersion: 2
  m_Convex: 0
  m_InflateMesh: 0
  m_SkinWidth: 0.01
  m_Mesh: {fileID: 4300002, guid: 8bbba6e4e837d0b439b73b889150fac2, type: 3}
--- !u!23 &1783743822
MeshRenderer:
  m_ObjectHideFlags: 0
  m_PrefabParentObject: {fileID: 2300000, guid: 8bbba6e4e837d0b439b73b889150fac2,
    type: 3}
  m_PrefabInternal: {fileID: 0}
  m_GameObject: {fileID: 1783743819}
  m_Enabled: 1
  m_CastShadows: 1
  m_ReceiveShadows: 1
  m_MotionVectors: 1
  m_LightProbeUsage: 1
  m_ReflectionProbeUsage: 1
  m_Materials:
  - {fileID: 2100000, guid: c599c369f92ccd647a33e4f991ed12ea, type: 2}
  - {fileID: 2100000, guid: 206902ae9a134dd449b0f4eae159dc17, type: 2}
  - {fileID: 2100000, guid: c599c369f92ccd647a33e4f991ed12ea, type: 2}
  m_StaticBatchInfo:
    firstSubMesh: 0
    subMeshCount: 0
  m_StaticBatchRoot: {fileID: 0}
  m_ProbeAnchor: {fileID: 0}
  m_LightProbeVolumeOverride: {fileID: 0}
  m_ScaleInLightmap: 1
  m_PreserveUVs: 0
  m_IgnoreNormalsForChartDetection: 0
  m_ImportantGI: 0
  m_SelectedEditorRenderState: 3
  m_MinimumChartSize: 4
  m_AutoUVMaxDistance: 0.5
  m_AutoUVMaxAngle: 89
  m_LightmapParameters: {fileID: 0}
  m_SortingLayerID: 0
  m_SortingOrder: 0
--- !u!33 &1783743823
MeshFilter:
  m_ObjectHideFlags: 0
  m_PrefabParentObject: {fileID: 3300000, guid: 8bbba6e4e837d0b439b73b889150fac2,
    type: 3}
  m_PrefabInternal: {fileID: 0}
  m_GameObject: {fileID: 1783743819}
  m_Mesh: {fileID: 4300002, guid: 8bbba6e4e837d0b439b73b889150fac2, type: 3}
--- !u!1 &1833679697
GameObject:
  m_ObjectHideFlags: 0
  m_PrefabParentObject: {fileID: 100006, guid: 8bbba6e4e837d0b439b73b889150fac2, type: 3}
  m_PrefabInternal: {fileID: 0}
  serializedVersion: 5
  m_Component:
  - component: {fileID: 1833679698}
  - component: {fileID: 1833679701}
  - component: {fileID: 1833679700}
  - component: {fileID: 1833679699}
  m_Layer: 0
  m_Name: Wall 01 big
  m_TagString: Untagged
  m_Icon: {fileID: 0}
  m_NavMeshLayer: 0
  m_StaticEditorFlags: 4294967295
  m_IsActive: 1
--- !u!4 &1833679698
Transform:
  m_ObjectHideFlags: 0
  m_PrefabParentObject: {fileID: 400006, guid: 8bbba6e4e837d0b439b73b889150fac2, type: 3}
  m_PrefabInternal: {fileID: 0}
  m_GameObject: {fileID: 1833679697}
  m_LocalRotation: {x: -0, y: -0, z: -0, w: 1}
  m_LocalPosition: {x: -8.956668, y: 0, z: 0}
  m_LocalScale: {x: 1, y: 1, z: 1}
  m_Children: []
  m_Father: {fileID: 256673501}
  m_RootOrder: 0
  m_LocalEulerAnglesHint: {x: 0, y: -90, z: 0}
--- !u!64 &1833679699
MeshCollider:
  m_ObjectHideFlags: 0
  m_PrefabParentObject: {fileID: 6400000, guid: 8bbba6e4e837d0b439b73b889150fac2,
    type: 3}
  m_PrefabInternal: {fileID: 0}
  m_GameObject: {fileID: 1833679697}
  m_Material: {fileID: 0}
  m_IsTrigger: 0
  m_Enabled: 1
  serializedVersion: 2
  m_Convex: 0
  m_InflateMesh: 0
  m_SkinWidth: 0.01
  m_Mesh: {fileID: 4300002, guid: 8bbba6e4e837d0b439b73b889150fac2, type: 3}
--- !u!23 &1833679700
MeshRenderer:
  m_ObjectHideFlags: 0
  m_PrefabParentObject: {fileID: 2300000, guid: 8bbba6e4e837d0b439b73b889150fac2,
    type: 3}
  m_PrefabInternal: {fileID: 0}
  m_GameObject: {fileID: 1833679697}
  m_Enabled: 1
  m_CastShadows: 1
  m_ReceiveShadows: 1
  m_MotionVectors: 1
  m_LightProbeUsage: 1
  m_ReflectionProbeUsage: 1
  m_Materials:
  - {fileID: 2100000, guid: c599c369f92ccd647a33e4f991ed12ea, type: 2}
  - {fileID: 2100000, guid: 206902ae9a134dd449b0f4eae159dc17, type: 2}
  - {fileID: 2100000, guid: c599c369f92ccd647a33e4f991ed12ea, type: 2}
  m_StaticBatchInfo:
    firstSubMesh: 0
    subMeshCount: 0
  m_StaticBatchRoot: {fileID: 0}
  m_ProbeAnchor: {fileID: 0}
  m_LightProbeVolumeOverride: {fileID: 0}
  m_ScaleInLightmap: 1
  m_PreserveUVs: 0
  m_IgnoreNormalsForChartDetection: 0
  m_ImportantGI: 0
  m_SelectedEditorRenderState: 3
  m_MinimumChartSize: 4
  m_AutoUVMaxDistance: 0.5
  m_AutoUVMaxAngle: 89
  m_LightmapParameters: {fileID: 0}
  m_SortingLayerID: 0
  m_SortingOrder: 0
--- !u!33 &1833679701
MeshFilter:
  m_ObjectHideFlags: 0
  m_PrefabParentObject: {fileID: 3300000, guid: 8bbba6e4e837d0b439b73b889150fac2,
    type: 3}
  m_PrefabInternal: {fileID: 0}
  m_GameObject: {fileID: 1833679697}
  m_Mesh: {fileID: 4300002, guid: 8bbba6e4e837d0b439b73b889150fac2, type: 3}
--- !u!1 &1846258901
GameObject:
  m_ObjectHideFlags: 0
  m_PrefabParentObject: {fileID: 0}
  m_PrefabInternal: {fileID: 0}
  serializedVersion: 5
  m_Component:
  - component: {fileID: 1846258902}
  m_Layer: 0
  m_Name: Wall (1)
  m_TagString: Untagged
  m_Icon: {fileID: 0}
  m_NavMeshLayer: 0
  m_StaticEditorFlags: 0
  m_IsActive: 1
--- !u!4 &1846258902
Transform:
  m_ObjectHideFlags: 0
  m_PrefabParentObject: {fileID: 0}
  m_PrefabInternal: {fileID: 0}
  m_GameObject: {fileID: 1846258901}
  m_LocalRotation: {x: 0, y: 0, z: 0, w: 1}
  m_LocalPosition: {x: 84.3, y: 149.73026, z: 1104.2}
  m_LocalScale: {x: 30, y: 30, z: 1.5}
  m_Children:
  - {fileID: 344907122}
  - {fileID: 1888564662}
  m_Father: {fileID: 598330717}
  m_RootOrder: 2
  m_LocalEulerAnglesHint: {x: 0, y: 0, z: 0}
--- !u!1 &1871371695
GameObject:
  m_ObjectHideFlags: 0
  m_PrefabParentObject: {fileID: 0}
  m_PrefabInternal: {fileID: 0}
  serializedVersion: 5
  m_Component:
  - component: {fileID: 1871371696}
  - component: {fileID: 1871371697}
  m_Layer: 0
  m_Name: Point light
  m_TagString: Untagged
  m_Icon: {fileID: 0}
  m_NavMeshLayer: 0
  m_StaticEditorFlags: 0
  m_IsActive: 1
--- !u!4 &1871371696
Transform:
  m_ObjectHideFlags: 0
  m_PrefabParentObject: {fileID: 0}
  m_PrefabInternal: {fileID: 0}
  m_GameObject: {fileID: 1871371695}
  m_LocalRotation: {x: 0, y: 0, z: 0, w: 1}
  m_LocalPosition: {x: 0, y: 0, z: 0}
  m_LocalScale: {x: 1, y: 1, z: 1}
  m_Children: []
  m_Father: {fileID: 1007873766}
  m_RootOrder: 0
  m_LocalEulerAnglesHint: {x: 0, y: 0, z: 0}
--- !u!108 &1871371697
Light:
  m_ObjectHideFlags: 0
  m_PrefabParentObject: {fileID: 0}
  m_PrefabInternal: {fileID: 0}
  m_GameObject: {fileID: 1871371695}
  m_Enabled: 1
  serializedVersion: 7
  m_Type: 2
  m_Color: {r: 1, g: 1, b: 1, a: 1}
  m_Intensity: 1
  m_Range: 10
  m_SpotAngle: 30
  m_CookieSize: 10
  m_Shadows:
    m_Type: 0
    m_Resolution: -1
    m_CustomResolution: -1
    m_Strength: 1
    m_Bias: 0.05
    m_NormalBias: 0.4
    m_NearPlane: 0.2
  m_Cookie: {fileID: 0}
  m_DrawHalo: 0
  m_Flare: {fileID: 0}
  m_RenderMode: 0
  m_CullingMask:
    serializedVersion: 2
    m_Bits: 4294967295
  m_Lightmapping: 4
  m_AreaSize: {x: 1, y: 1}
  m_BounceIntensity: 1
  m_ShadowRadius: 0
  m_ShadowAngle: 0
--- !u!1 &1888564661
GameObject:
  m_ObjectHideFlags: 0
  m_PrefabParentObject: {fileID: 100006, guid: 8bbba6e4e837d0b439b73b889150fac2, type: 3}
  m_PrefabInternal: {fileID: 0}
  serializedVersion: 5
  m_Component:
  - component: {fileID: 1888564662}
  - component: {fileID: 1888564665}
  - component: {fileID: 1888564664}
  - component: {fileID: 1888564663}
  m_Layer: 0
  m_Name: Wall 01 big (1)
  m_TagString: Untagged
  m_Icon: {fileID: 0}
  m_NavMeshLayer: 0
  m_StaticEditorFlags: 4294967295
  m_IsActive: 1
--- !u!4 &1888564662
Transform:
  m_ObjectHideFlags: 0
  m_PrefabParentObject: {fileID: 400006, guid: 8bbba6e4e837d0b439b73b889150fac2, type: 3}
  m_PrefabInternal: {fileID: 0}
  m_GameObject: {fileID: 1888564661}
  m_LocalRotation: {x: -0, y: -0, z: -0, w: 1}
  m_LocalPosition: {x: 0, y: 0, z: 0}
  m_LocalScale: {x: 1, y: 1, z: 1}
  m_Children: []
  m_Father: {fileID: 1846258902}
  m_RootOrder: 1
  m_LocalEulerAnglesHint: {x: 0, y: -90, z: 0}
--- !u!64 &1888564663
MeshCollider:
  m_ObjectHideFlags: 0
  m_PrefabParentObject: {fileID: 6400000, guid: 8bbba6e4e837d0b439b73b889150fac2,
    type: 3}
  m_PrefabInternal: {fileID: 0}
  m_GameObject: {fileID: 1888564661}
  m_Material: {fileID: 0}
  m_IsTrigger: 0
  m_Enabled: 1
  serializedVersion: 2
  m_Convex: 0
  m_InflateMesh: 0
  m_SkinWidth: 0.01
  m_Mesh: {fileID: 4300002, guid: 8bbba6e4e837d0b439b73b889150fac2, type: 3}
--- !u!23 &1888564664
MeshRenderer:
  m_ObjectHideFlags: 0
  m_PrefabParentObject: {fileID: 2300000, guid: 8bbba6e4e837d0b439b73b889150fac2,
    type: 3}
  m_PrefabInternal: {fileID: 0}
  m_GameObject: {fileID: 1888564661}
  m_Enabled: 1
  m_CastShadows: 1
  m_ReceiveShadows: 1
  m_MotionVectors: 1
  m_LightProbeUsage: 1
  m_ReflectionProbeUsage: 1
  m_Materials:
  - {fileID: 2100000, guid: c599c369f92ccd647a33e4f991ed12ea, type: 2}
  - {fileID: 2100000, guid: 206902ae9a134dd449b0f4eae159dc17, type: 2}
  - {fileID: 2100000, guid: c599c369f92ccd647a33e4f991ed12ea, type: 2}
  m_StaticBatchInfo:
    firstSubMesh: 0
    subMeshCount: 0
  m_StaticBatchRoot: {fileID: 0}
  m_ProbeAnchor: {fileID: 0}
  m_LightProbeVolumeOverride: {fileID: 0}
  m_ScaleInLightmap: 1
  m_PreserveUVs: 0
  m_IgnoreNormalsForChartDetection: 0
  m_ImportantGI: 0
  m_SelectedEditorRenderState: 3
  m_MinimumChartSize: 4
  m_AutoUVMaxDistance: 0.5
  m_AutoUVMaxAngle: 89
  m_LightmapParameters: {fileID: 0}
  m_SortingLayerID: 0
  m_SortingOrder: 0
--- !u!33 &1888564665
MeshFilter:
  m_ObjectHideFlags: 0
  m_PrefabParentObject: {fileID: 3300000, guid: 8bbba6e4e837d0b439b73b889150fac2,
    type: 3}
  m_PrefabInternal: {fileID: 0}
  m_GameObject: {fileID: 1888564661}
  m_Mesh: {fileID: 4300002, guid: 8bbba6e4e837d0b439b73b889150fac2, type: 3}
--- !u!1 &1931886061
GameObject:
  m_ObjectHideFlags: 0
  m_PrefabParentObject: {fileID: 100006, guid: 8bbba6e4e837d0b439b73b889150fac2, type: 3}
  m_PrefabInternal: {fileID: 0}
  serializedVersion: 5
  m_Component:
  - component: {fileID: 1931886062}
  - component: {fileID: 1931886065}
  - component: {fileID: 1931886064}
  - component: {fileID: 1931886063}
  m_Layer: 0
  m_Name: Wall 01 big (1)
  m_TagString: Untagged
  m_Icon: {fileID: 0}
  m_NavMeshLayer: 0
  m_StaticEditorFlags: 4294967295
  m_IsActive: 1
--- !u!4 &1931886062
Transform:
  m_ObjectHideFlags: 0
  m_PrefabParentObject: {fileID: 400006, guid: 8bbba6e4e837d0b439b73b889150fac2, type: 3}
  m_PrefabInternal: {fileID: 0}
  m_GameObject: {fileID: 1931886061}
  m_LocalRotation: {x: -0, y: -0, z: -0, w: 1}
  m_LocalPosition: {x: 0, y: 0, z: 0}
  m_LocalScale: {x: 1, y: 1, z: 1}
  m_Children: []
  m_Father: {fileID: 125774806}
  m_RootOrder: 1
  m_LocalEulerAnglesHint: {x: 0, y: -90, z: 0}
--- !u!64 &1931886063
MeshCollider:
  m_ObjectHideFlags: 0
  m_PrefabParentObject: {fileID: 6400000, guid: 8bbba6e4e837d0b439b73b889150fac2,
    type: 3}
  m_PrefabInternal: {fileID: 0}
  m_GameObject: {fileID: 1931886061}
  m_Material: {fileID: 0}
  m_IsTrigger: 0
  m_Enabled: 1
  serializedVersion: 2
  m_Convex: 0
  m_InflateMesh: 0
  m_SkinWidth: 0.01
  m_Mesh: {fileID: 4300002, guid: 8bbba6e4e837d0b439b73b889150fac2, type: 3}
--- !u!23 &1931886064
MeshRenderer:
  m_ObjectHideFlags: 0
  m_PrefabParentObject: {fileID: 2300000, guid: 8bbba6e4e837d0b439b73b889150fac2,
    type: 3}
  m_PrefabInternal: {fileID: 0}
  m_GameObject: {fileID: 1931886061}
  m_Enabled: 1
  m_CastShadows: 1
  m_ReceiveShadows: 1
  m_MotionVectors: 1
  m_LightProbeUsage: 1
  m_ReflectionProbeUsage: 1
  m_Materials:
  - {fileID: 2100000, guid: c599c369f92ccd647a33e4f991ed12ea, type: 2}
  - {fileID: 2100000, guid: 206902ae9a134dd449b0f4eae159dc17, type: 2}
  - {fileID: 2100000, guid: c599c369f92ccd647a33e4f991ed12ea, type: 2}
  m_StaticBatchInfo:
    firstSubMesh: 0
    subMeshCount: 0
  m_StaticBatchRoot: {fileID: 0}
  m_ProbeAnchor: {fileID: 0}
  m_LightProbeVolumeOverride: {fileID: 0}
  m_ScaleInLightmap: 1
  m_PreserveUVs: 0
  m_IgnoreNormalsForChartDetection: 0
  m_ImportantGI: 0
  m_SelectedEditorRenderState: 3
  m_MinimumChartSize: 4
  m_AutoUVMaxDistance: 0.5
  m_AutoUVMaxAngle: 89
  m_LightmapParameters: {fileID: 0}
  m_SortingLayerID: 0
  m_SortingOrder: 0
--- !u!33 &1931886065
MeshFilter:
  m_ObjectHideFlags: 0
  m_PrefabParentObject: {fileID: 3300000, guid: 8bbba6e4e837d0b439b73b889150fac2,
    type: 3}
  m_PrefabInternal: {fileID: 0}
  m_GameObject: {fileID: 1931886061}
  m_Mesh: {fileID: 4300002, guid: 8bbba6e4e837d0b439b73b889150fac2, type: 3}
--- !u!1 &1960795220
GameObject:
  m_ObjectHideFlags: 0
  m_PrefabParentObject: {fileID: 0}
  m_PrefabInternal: {fileID: 0}
  serializedVersion: 5
  m_Component:
  - component: {fileID: 1960795221}
  - component: {fileID: 1960795222}
  m_Layer: 0
  m_Name: Point light
  m_TagString: Untagged
  m_Icon: {fileID: 0}
  m_NavMeshLayer: 0
  m_StaticEditorFlags: 0
  m_IsActive: 1
--- !u!4 &1960795221
Transform:
  m_ObjectHideFlags: 0
  m_PrefabParentObject: {fileID: 0}
  m_PrefabInternal: {fileID: 0}
  m_GameObject: {fileID: 1960795220}
  m_LocalRotation: {x: 0, y: 0, z: 0, w: 1}
  m_LocalPosition: {x: 0, y: 0, z: 0}
  m_LocalScale: {x: 1, y: 1, z: 1}
  m_Children: []
  m_Father: {fileID: 338169917}
  m_RootOrder: 0
  m_LocalEulerAnglesHint: {x: 0, y: 0, z: 0}
--- !u!108 &1960795222
Light:
  m_ObjectHideFlags: 0
  m_PrefabParentObject: {fileID: 0}
  m_PrefabInternal: {fileID: 0}
  m_GameObject: {fileID: 1960795220}
  m_Enabled: 1
  serializedVersion: 7
  m_Type: 2
  m_Color: {r: 1, g: 1, b: 1, a: 1}
  m_Intensity: 1
  m_Range: 10
  m_SpotAngle: 30
  m_CookieSize: 10
  m_Shadows:
    m_Type: 0
    m_Resolution: -1
    m_CustomResolution: -1
    m_Strength: 1
    m_Bias: 0.05
    m_NormalBias: 0.4
    m_NearPlane: 0.2
  m_Cookie: {fileID: 0}
  m_DrawHalo: 0
  m_Flare: {fileID: 0}
  m_RenderMode: 0
  m_CullingMask:
    serializedVersion: 2
    m_Bits: 4294967295
  m_Lightmapping: 4
  m_AreaSize: {x: 1, y: 1}
  m_BounceIntensity: 1
  m_ShadowRadius: 0
  m_ShadowAngle: 0
--- !u!1 &2078016072
GameObject:
  m_ObjectHideFlags: 0
  m_PrefabParentObject: {fileID: 0}
  m_PrefabInternal: {fileID: 0}
  serializedVersion: 5
  m_Component:
  - component: {fileID: 2078016073}
  - component: {fileID: 2078016074}
  m_Layer: 0
  m_Name: Point light
  m_TagString: Untagged
  m_Icon: {fileID: 0}
  m_NavMeshLayer: 0
  m_StaticEditorFlags: 0
  m_IsActive: 1
--- !u!4 &2078016073
Transform:
  m_ObjectHideFlags: 0
  m_PrefabParentObject: {fileID: 0}
  m_PrefabInternal: {fileID: 0}
  m_GameObject: {fileID: 2078016072}
  m_LocalRotation: {x: 0, y: 0, z: 0, w: 1}
  m_LocalPosition: {x: 0, y: 0, z: 0}
  m_LocalScale: {x: 1, y: 1, z: 1}
  m_Children: []
  m_Father: {fileID: 28948912}
  m_RootOrder: 0
  m_LocalEulerAnglesHint: {x: 0, y: 0, z: 0}
--- !u!108 &2078016074
Light:
  m_ObjectHideFlags: 0
  m_PrefabParentObject: {fileID: 0}
  m_PrefabInternal: {fileID: 0}
  m_GameObject: {fileID: 2078016072}
  m_Enabled: 1
  serializedVersion: 7
  m_Type: 2
  m_Color: {r: 1, g: 1, b: 1, a: 1}
  m_Intensity: 1
  m_Range: 10
  m_SpotAngle: 30
  m_CookieSize: 10
  m_Shadows:
    m_Type: 0
    m_Resolution: -1
    m_CustomResolution: -1
    m_Strength: 1
    m_Bias: 0.05
    m_NormalBias: 0.4
    m_NearPlane: 0.2
  m_Cookie: {fileID: 0}
  m_DrawHalo: 0
  m_Flare: {fileID: 0}
  m_RenderMode: 0
  m_CullingMask:
    serializedVersion: 2
    m_Bits: 4294967295
  m_Lightmapping: 4
  m_AreaSize: {x: 1, y: 1}
  m_BounceIntensity: 1
  m_ShadowRadius: 0
  m_ShadowAngle: 0
--- !u!1001 &2091558773
Prefab:
  m_ObjectHideFlags: 0
  serializedVersion: 2
  m_Modification:
    m_TransformParent: {fileID: 761257241}
    m_Modifications:
    - target: {fileID: 400000, guid: 562d876b8947af74e8b12e0a2bad5bb4, type: 2}
      propertyPath: m_LocalPosition.x
      value: -6
      objectReference: {fileID: 0}
    - target: {fileID: 400000, guid: 562d876b8947af74e8b12e0a2bad5bb4, type: 2}
      propertyPath: m_LocalPosition.y
      value: 0
      objectReference: {fileID: 0}
    - target: {fileID: 400000, guid: 562d876b8947af74e8b12e0a2bad5bb4, type: 2}
      propertyPath: m_LocalPosition.z
      value: -5.125
      objectReference: {fileID: 0}
    - target: {fileID: 400000, guid: 562d876b8947af74e8b12e0a2bad5bb4, type: 2}
      propertyPath: m_LocalRotation.x
      value: -0
      objectReference: {fileID: 0}
    - target: {fileID: 400000, guid: 562d876b8947af74e8b12e0a2bad5bb4, type: 2}
      propertyPath: m_LocalRotation.y
      value: -0
      objectReference: {fileID: 0}
    - target: {fileID: 400000, guid: 562d876b8947af74e8b12e0a2bad5bb4, type: 2}
      propertyPath: m_LocalRotation.z
      value: -0
      objectReference: {fileID: 0}
    - target: {fileID: 400000, guid: 562d876b8947af74e8b12e0a2bad5bb4, type: 2}
      propertyPath: m_LocalRotation.w
      value: 1
      objectReference: {fileID: 0}
    - target: {fileID: 100000, guid: 562d876b8947af74e8b12e0a2bad5bb4, type: 2}
      propertyPath: m_StaticEditorFlags
      value: 4294967295
      objectReference: {fileID: 0}
    - target: {fileID: 2300000, guid: 562d876b8947af74e8b12e0a2bad5bb4, type: 2}
      propertyPath: m_LightmapIndex
      value: 4
      objectReference: {fileID: 0}
    - target: {fileID: 2300000, guid: 562d876b8947af74e8b12e0a2bad5bb4, type: 2}
      propertyPath: m_LightmapTilingOffset.x
      value: .786132991
      objectReference: {fileID: 0}
    - target: {fileID: 2300000, guid: 562d876b8947af74e8b12e0a2bad5bb4, type: 2}
      propertyPath: m_LightmapTilingOffset.y
      value: .786132991
      objectReference: {fileID: 0}
    - target: {fileID: 2300000, guid: 562d876b8947af74e8b12e0a2bad5bb4, type: 2}
      propertyPath: m_LightmapTilingOffset.z
      value: -.00381260994
      objectReference: {fileID: 0}
    - target: {fileID: 2300000, guid: 562d876b8947af74e8b12e0a2bad5bb4, type: 2}
      propertyPath: m_LightmapTilingOffset.w
      value: .217607006
      objectReference: {fileID: 0}
    - target: {fileID: 400000, guid: 562d876b8947af74e8b12e0a2bad5bb4, type: 2}
      propertyPath: m_RootOrder
      value: 1
      objectReference: {fileID: 0}
    - target: {fileID: 100000, guid: 562d876b8947af74e8b12e0a2bad5bb4, type: 2}
      propertyPath: m_Name
      value: Floor big 01 (1)
      objectReference: {fileID: 0}
    - target: {fileID: 400000, guid: 562d876b8947af74e8b12e0a2bad5bb4, type: 2}
      propertyPath: m_LocalScale.x
      value: 1
      objectReference: {fileID: 0}
    - target: {fileID: 400000, guid: 562d876b8947af74e8b12e0a2bad5bb4, type: 2}
      propertyPath: m_LocalScale.y
      value: 1
      objectReference: {fileID: 0}
    - target: {fileID: 400000, guid: 562d876b8947af74e8b12e0a2bad5bb4, type: 2}
      propertyPath: m_LocalScale.z
      value: 1
      objectReference: {fileID: 0}
    m_RemovedComponents: []
  m_ParentPrefab: {fileID: 100100000, guid: 562d876b8947af74e8b12e0a2bad5bb4, type: 2}
  m_IsPrefabParent: 0
--- !u!4 &2091558774 stripped
Transform:
  m_PrefabParentObject: {fileID: 400000, guid: 562d876b8947af74e8b12e0a2bad5bb4, type: 2}
  m_PrefabInternal: {fileID: 2091558773}
